1635 2572
142 142 198 182 90
796 138 829 171 ΙΙ

142 264 324 290 reversus
362 253 399 288 in
434 249 654 287 Armeniam
693 258 824 296 regem
864 248 947 284 eius
980 245 1217 284 Artavasden
1249 245 1382 284 fraude
1416 244 1480 283 de-

144 317 299 361 ceptum
333 310 496 358 catenis,
530 306 615 356 sed,
648 317 695 342 ne
729 304 821 354 quid
855 304 994 342 honori
1027 304 1200 354 deesset,
1240 304 1369 341 aureis
1401 305 1480 342 vin·

102 371 209 407 4xit.
273 372 473 405 crescente
508 363 646 402 deinde
687 369 724 401 et
762 364 904 400 amoris
943 363 982 400 in
1021 361 1265 412 Cleopatram
1302 360 1482 399 incendio

144 433 182 464 et
215 428 414 475 vitiorum,
453 434 551 473 quae
591 433 746 472 semper
785 420 1034 459 facultatibus
1072 420 1306 470 licentiaque
1344 425 1383 458 et
1420 418 1483 457 ad·

145 482 428 522 sentationibus
461 481 635 533 aluntur,
668 479 951 531 magnitudine,
983 478 1129 517 bellum
1160 479 1306 529 patriae
1338 478 1484 516 inferre
1504 484 1520 511 5

145 543 364 592 constituit,
397 552 485 578 cum
519 545 607 577 ante
641 551 783 577 novum
817 551 856 576 se
891 537 1075 575 Liberum
1107 536 1261 575 Patrem
1301 535 1487 588 appellari

144 602 340 651 iussisset,
383 611 471 637 cum
510 598 715 636 redimitus
746 596 902 635 hederis
935 607 1156 646 coronaque
1188 594 1337 633 velatus
1369 605 1487 633 aurea

145 665 184 697 et
224 659 402 709 thyrsum
440 663 579 695 tenens
618 656 898 705 cothurnisque
944 656 1168 693 succinctus
1218 665 1338 692 curru
1382 652 1488 691 velut

146 717 261 755 Liber
293 717 408 754 Pater
440 721 575 753 vectus
608 720 712 753 esset
743 713 1006 752 Alexandriae.

107 784 123 813 1
266 773 331 814 83.
383 774 488 812 luter
520 773 623 811 bunc
647 778 874 824 apparatum
907 771 997 809 belli
1017 771 1200 822 Plancus,
1232 781 1310 808 non
1343 769 1486 808 iudicio
1508 777 1541 801 10

148 840 253 872 recta
303 832 456 883 legendi
507 844 634 882 neque
685 843 814 869 amore
860 832 918 869 rei
967 828 1145 880 publicae
1190 834 1256 867 aut
1299 827 1487 880 Caesaris,

148 894 291 943 qnippe
324 892 418 929 llaec
452 902 606 941 semper
627 888 893 940 impugnabat,
928 888 994 926 sed
1017 887 1152 926 morbo
1173 886 1368 938 proditor,
1400 897 1490 924 cum

148 952 285 989 suisset
318 949 560 987 humillimus
594 948 815 986 adsentator
845 949 1000 997 reginae
1022 952 1060 984 et
1080 947 1181 984 insra
1201 956 1334 983 servos
1355 944 1489 997 cliens,

150 1021 238 1047 cum
282 1009 438 1046 Antonii
482 1007 683 1058 librarius,
728 1018 818 1045 cum
861 1005 1231 1043 obscenissimarum
1275 1015 1409 1042 rerum
1452 1009 1491 1041 et

108 1072 286 1105 2auctor
331 1072 369 1104 et
414 1067 609 1117 minister,
654 1076 743 1102 cum
786 1066 825 1102 in
870 1064 997 1101 omnia
1038 1068 1076 1100 et
1114 1061 1295 1100 omnibus
1332 1060 1490 1112 venalis,
1511 1068 1542 1094 15

150 1137 239 1163 cum
272 1123 516 1162 caeruleatus
549 1128 587 1161 et
619 1122 748 1160 nudus
781 1127 974 1173 caputque
1004 1120 1209 1159 redimitus
1230 1119 1419 1158 arundine
1453 1124 1492 1158 et

150 1183 311 1222 caudam
343 1182 520 1233 trahens,
552 1180 717 1232 genibus
748 1182 905 1219 innixus
926 1179 1114 1218 Glaucum
1135 1178 1312 1217 saltasset
1341 1179 1379 1216 in
1401 1189 1490 1216 con-

149 1243 266 1292 vivio,
299 1242 553 1290 refrigeratus
586 1239 632 1277 ab
660 1239 828 1277 Antonio
860 1237 908 1276 ob
942 1238 1236 1276 manifestarum
1267 1237 1492 1287 rapinarum

150 1300 292 1338 indicia
330 1300 539 1348 transfugit
576 1297 622 1335 ad
661 1297 883 1335 Caesarem:
933 1302 971 1335 et
1011 1295 1114 1334 idem
1151 1301 1286 1346 postea
1324 1294 1491 1334 clemen-

150 1360 242 1397 tiam
275 1358 433 1396 victoris
466 1368 536 1407 pro
570 1368 639 1394 sua
670 1357 813 1394 virtute
846 1354 1196 1406 interpretabatur,
1237 1352 1419 1392 dictitans
1452 1352 1489 1391 id
1511 1360 1544 1386 20

151 1416 358 1468 probatum
393 1427 412 1453 a
445 1414 626 1466 Caesare,
659 1415 723 1452 cui
754 1413 817 1451 ille
850 1415 1067 1464 ignoverat,
1105 1424 1194 1450 mox
1227 1417 1355 1450 autem
1387 1411 1493 1450 hunc

112 1474 387 1514 3avunculum
426 1473 552 1511 Titius
592 1473 764 1510 imitatus
802 1477 872 1510 est.
934 1471 1036 1509 baud
1078 1470 1244 1509 absurde
1284 1469 1493 1521 Coponius,

155 1535 210 1572 vir
243 1546 262 1570 e
302 1533 507 1583 praetoriis
545 1532 813 1582 gravissimus,
854 1530 894 1568 P.
936 1529 1020 1568 Silii
1057 1541 1187 1580 socer,
1227 1540 1316 1566 cum
1354 1540 1493 1566 recens

155 1592 352 1640 transfuga
391 1589 510 1628 multa
552 1601 595 1627 ac
640 1589 804 1627 nefanda
842 1587 1009 1626 Plancus
1053 1587 1204 1625 absenti
1242 1587 1408 1625 Antonio
1453 1587 1492 1624 in

154 1655 290 1688 senatu
325 1648 515 1700 obiceret,
548 1647 685 1700 multa,
718 1648 860 1698 inquit,
899 1645 1144 1685 mehercules
1178 1646 1269 1683 fecit
1301 1645 1492 1683 Antonius
1513 1652 1546 1678 25

156 1709 278 1759 pridie
313 1719 426 1757 quam
460 1712 502 1745 tu
535 1706 643 1744 illum
675 1705 929 1756 relinqueres.

116 1777 131 1805 1
273 1764 338 1804 84.
397 1765 559 1803 Caesare
600 1764 738 1802 deinde
778 1770 817 1801 et
854 1762 1015 1801 Messala
1057 1761 1223 1800 Corvino
1268 1760 1494 1800 consulibus

155 1824 388 1862 debellatum
410 1823 509 1874 apud
532 1824 703 1874 Actium,
736 1821 802 1860 ubi
835 1821 947 1871 longe
981 1827 1069 1859 ante
1097 1832 1211 1870 quam
1232 1820 1495 1871 dimicaretur,

156 1883 463 1933 exploratissitna
505 1881 740 1919 Iulianarum
781 1881 951 1931 partium
994 1880 1066 1917 suit
1103 1879 1273 1917 victoria.
1343 1877 1496 1928 vigebat

251 1988 271 2018 8
298 1982 532 2026 coturnisque
558 1982 593 2016 A
690 1984 731 2015 12
758 1980 995 2025 impugnarat
1018 1979 1185 2013 Burman
1280 1982 1323 2012 14
1349 1977 1497 2012 obseoe-

156 2030 388 2065 nissimarum
419 2029 454 2062 1’
600 2032 640 2062 15
667 2029 705 2062 et
729 2027 766 2061 in
794 2027 962 2062 omnibus
988 2026 1072 2068 ΑΡ,
1098 2036 1159 2060 em.
1186 2024 1355 2059 Gelenius

156 2081 197 2112 21
227 2088 309 2111 mox
336 2077 460 2110 autem
487 2076 567 2118 (aut
586 2076 634 2118 A)
660 2075 756 2108 hune
777 2085 860 2108 mox
882 2084 913 2109 a.
937 2073 1030 2116 MA,
1057 2072 1153 2106 hunc
1179 2082 1263 2106 mox
1289 2082 1320 2106 a.
1345 2070 1395 2113 P;
1422 2071 1498 2115 ipse

155 2125 278 2157 malim
304 2134 387 2157 mox
415 2124 539 2156 autem
566 2122 679 2164 hunc,
706 2133 811 2155 suum
837 2131 892 2154 av.
920 2120 995 2164 (rel.
1022 2129 1078 2153 av,
1104 2120 1224 2161 suum)
1378 2121 1421 2152 22
1448 2118 1495 2153 M.

157 2171 275 2205 'fitius
303 2171 470 2213 Lipsius1
490 2168 525 2203 C.
555 2168 738 2213 Coponius
764 2167 938 2211 Kreyssiq
1011 2169 1053 2199 23
1081 2176 1100 2199 e
1126 2164 1320 2209 praetoriis
1347 2164 1497 2209 Scheyk:

160 2217 209 2251 ‚E
236 2216 439 2260 praetorius
468 2216 562 2257 MA,
588 2214 794 2259 praetorius
824 2214 867 2256 P,
895 2213 1075 2257 egregius,
1100 2211 1305 2256 praetorius
1332 2210 1495 2256 Rulmffl

157 2264 197 2298 Ρ.
226 2263 306 2296 Silii
334 2263 517 2297 Gelenius:
557 2261 744 2296 Patersilii
768 2261 815 2304 A,
841 2262 957 2304 pater,
991 2258 1072 2293 Silii
1099 2258 1136 2292 P
1277 2262 1320 2293 29
1347 2258 1509 2303 uigebat·

159 2310 328 2353 (urgebat
352 2320 378 2343 s.
407 2310 443 2343 ij»
470 2310 503 2342 A
