1635 2572
161 157 186 197 6
828 159 839 191 1

162 268 380 318 occupavit,
422 280 440 305 a
481 279 556 317 quo
589 266 749 317 Magnus
782 266 997 305 Alexander
1039 279 1126 305 cum
1160 267 1277 306 suerit
1309 270 1498 319 septimus

161 325 353 377 decimus,
397 327 481 363 iure
527 326 692 362 materni
738 326 893 374 generis
938 325 1083 363 Achille
1129 331 1304 377 auctore,
1347 329 1499 377 paterni

121 383 328 422 ollcrcule
372 383 558 434 gloriatus
603 388 674 420 est.
742 382 946 431 [Aemilius
991 383 1089 421 Sura
1134 383 1181 421 de
1219 385 1330 422 annis
1367 383 1501 434 populi

161 442 340 480 Romani:
391 442 537 492 Assyrii
574 441 772 491 principes
811 443 985 479 omnium
1017 443 1191 492 gentium
1223 453 1356 480 rerum
1388 443 1501 492 potiti

160 506 268 551 sunt,
318 499 457 537 deinde
502 498 620 550 Medi,
670 504 804 550 postea
855 499 1013 551 Persae,
1063 500 1201 538 deinde
1253 499 1536 552 Macedones35

161 558 298 596 exinde
333 557 484 595 duobus
514 556 673 607 regibus
705 557 883 608 Philippo
918 563 955 596 et
987 558 1194 610 Antiocho,
1227 560 1292 609 qui
1325 570 1345 596 a
1377 558 1499 597 Mace-

161 615 327 654 donibus
360 615 516 654 oriundi
549 621 676 667 erant,
708 615 810 654 haud
843 616 964 654 multo
997 623 1081 667 post
1106 616 1378 667 Carthaginem
1411 616 1499 655 sub-

161 680 285 713 actam
317 673 478 712 devictis
512 685 661 712 summa
692 675 847 725 imperii
879 675 924 713 ad
957 674 1144 725 populum
1165 675 1382 714 Romanum
1413 687 1500 726 per-

161 735 276 771 venit.
327 734 430 771 inter
461 732 535 770 hoc
568 738 721 783 tempus
754 738 792 771 et
823 734 977 771 initium
1008 735 1111 783 regis
1131 733 1220 771 Nini
1241 734 1500 785 Assyriorum,

163 792 228 842 qui
248 793 432 842 princeps
453 803 585 829 rernm
606 792 752 841 potitus
771 797 843 842 est,
865 793 1061 829 intersunt
1081 792 1171 829 anni
1186 791 1497 841 MDCCCCXCV]
1522 801 1552 825 10

121 855 139 886 1
281 848 316 888 7.
367 849 491 887 Iluius
524 851 711 900 temporis
743 849 914 899 aequalis
935 849 1127 888 Hesiodus
1160 850 1249 901 suit,
1282 851 1385 889 circa
1411 862 1499 888 cen-

162 914 245 947 tum
277 914 314 946 et
335 909 468 958 viginti
502 919 622 945 annos
643 907 851 946 distinctus
884 907 930 946 ab
960 907 1119 946 Homeri
1152 914 1293 960 aetate,
1325 910 1383 947 vir
1415 920 1501 960 per-

162 966 348 1017 elegantis
392 967 537 1016 ingenii
582 972 619 1004 et
662 966 886 1004 mollissima
925 966 1128 1005 dulcedine
1168 968 1385 1005 carminum
1423 979 1500 1005 me-

161 1024 377 1077 morabilis,
410 1026 479 1062 otii
511 1026 732 1075 quietisque
765 1024 1060 1077 cupidissimus,
1101 1030 1144 1063 ut
1181 1031 1356 1076 tempore
1395 1030 1501 1064 tanto

161 1085 262 1135 viro,
299 1085 351 1121 ita
390 1084 519 1133 operis
558 1084 787 1121 auctoritate
820 1084 1037 1133 proximus.
1089 1084 1155 1133 qui
1187 1085 1335 1134 vitavit,
1374 1095 1421 1122 ne
1461 1085 1501 1121 in
1522 1091 1554 1116 15

160 1141 198 1179 id
232 1141 334 1192 quod
359 1140 552 1179 Homerus
585 1140 793 1192 incideret,
826 1143 1069 1191 patriamque
1102 1146 1141 1179 et
1171 1147 1354 1192 parentes
1386 1147 1501 1180 testa-

161 1205 224 1238 tus
263 1205 338 1251 est,
377 1199 444 1237 sed
483 1200 665 1251 patriam,
704 1200 793 1250 quia
831 1198 1016 1237 multatus
1055 1198 1101 1237 ab
1140 1211 1184 1237 ea
1226 1206 1326 1252 erat,
1367 1205 1501 1238 contu-

121 1263 140 1294 2
163 1257 442 1296 meliosissime.
494 1257 586 1295 dum
622 1258 662 1295 in
701 1258 872 1295 externis
911 1269 1060 1308 moror,
1098 1257 1216 1296 incidi
1248 1259 1287 1296 in
1321 1269 1404 1297 rem
1436 1257 1501 1296 do-

162 1317 363 1354 mesticam
395 1317 627 1366 maximique
654 1317 800 1353 erroris
820 1321 858 1353 et
879 1315 1044 1353 multum
1065 1315 1351 1367 discrepantem
1371 1322 1501 1355 aucto-

162 1387 249 1413 rum
282 1373 548 1425 opinionibus:
593 1385 681 1412 nam
714 1373 869 1424 quidam
902 1373 1018 1412 liuius
1038 1375 1226 1425 temporis
1246 1379 1374 1413 tractu
1395 1376 1504 1413 aiunt
1523 1382 1556 1408 20

163 1444 183 1471 a
227 1432 365 1471 Tuscis
410 1432 579 1483 Capuam
623 1431 837 1482 Nolamque
882 1432 1076 1470 conditam
1121 1437 1208 1470 ante
1253 1444 1374 1471 annos
1420 1433 1502 1472 fere

122 1498 142 1528 3
164 1492 408 1541 octingentos
442 1497 479 1529 et
512 1492 680 1541 triginta.
743 1489 885 1540 quibus
919 1490 1101 1540 equidem
1133 1490 1389 1529 adsenserim:
1435 1491 1502 1529 sed

162 1549 209 1587 M.
249 1549 341 1587 Cato
386 1554 574 1599 quantum
619 1547 764 1586 differt!
816 1550 881 1599 qui
919 1548 1021 1586 dicat
1061 1548 1229 1599 Capuam
1267 1548 1313 1587 ah
1355 1549 1502 1588 eisdem

163 1607 301 1645 Tuscis
341 1607 535 1646 conditam
574 1619 617 1645 ac
662 1605 826 1645 subinde
865 1606 1017 1657 Nota1u3
1062 1608 1216 1645 stetisse
1262 1613 1391 1645 autem
1434 1606 1501 1646 Ca·

163 1678 296 1717 puam,
329 1672 535 1716 antequam
568 1678 587 1704 a
619 1664 803 1703 Romanis
835 1671 1058 1716 caperetur,
1100 1666 1210 1704 almis
1243 1667 1400 1705 circiter
1432 1665 1501 1704 du-
1523 1673 1555 1697 25

123 1726 289 1762 4centis
328 1729 365 1762 et
404 1725 611 1773 sexaginta.
662 1723 765 1773 quod
804 1725 836 1761 si
874 1725 925 1762 ita
964 1729 1040 1774 est,
1079 1735 1167 1762 cum
1206 1725 1282 1762 sint
1320 1736 1340 1762 a
1373 1723 1503 1775 Capua

164 1788 273 1833 capta
312 1783 401 1819 anni
440 1782 598 1837 ducenti
636 1787 674 1820 et
713 1781 983 1833 quadraginta,
1022 1787 1064 1819 ut
1102 1781 1255 1820 condita
1295 1788 1370 1834 est,
1412 1783 1502 1820 anni

164 1846 255 1878 sunt
288 1842 366 1877 sere
401 1841 613 1889 quingenti.
659 1852 749 1892 egO,
783 1852 876 1891 pace
898 1839 1117 1890 diligentiae
1141 1839 1296 1878 Catonis
1326 1841 1501 1891 dixerim,

163 1900 224 1936 vix
257 1898 489 1936 crediderim
523 1904 598 1935 tam
626 1904 774 1936 mature
796 1904 942 1938 tantam
962 1897 1100 1937 urbem
1121 1900 1289 1937 crevisse
1310 1899 1501 1950 floruisse,

165 1957 380 1994 concidisse
414 1958 687 1994 resurrexisse.
1522 1965 1556 1990 80

125 2021 141 2052 1
283 2014 633 2068 8.,C1a1·issimum
673 2014 811 2052 deinde
851 2016 1024 2053 omnium
1066 2015 1259 2054 ludicrum
1304 2020 1501 2053 certamen

164 2079 203 2112 et
235 2074 278 2111 ad
311 2073 551 2111 excitandam
573 2075 748 2123 corporis
769 2075 963 2124 animique
985 2075 1169 2112 virtutem
1190 2074 1502 2112 efficacissimum

259 2178 383 2208 3--10
411 2173 587 2208 Aemilius
611 2173 704 2208 Sura
729 2177 789 2209 etc.
813 2175 897 2209 haec
923 2174 1128 2208 inducenda
1153 2184 1223 2208 csse
1241 2174 1386 2218 primus
1410 2173 1503 2208 vidit

167 2221 209 2256 P.
237 2221 432 2255 Delbcm'us
517 2226 536 2253 ‹¹›
563 2220 649 2264 quia
672 2220 706 2253 P
789 2225 808 2255 9
836 2220 916 2256 Nisi
939 2220 974 2254 P
1058 2224 1100 2254 10
1123 2220 1280 2264 potitust
1301 2221 1501 2255 Mommsen

165 2270 266 2308 (muS.
288 2268 356 2301 1172.
386 2272 439 2310 16,
463 2269 562 2308 28:3):
589 2267 727 2312 potitus
755 2266 791 2301 P
911 2272 953 2302 10
979 2266 1158 2302 inciderat
1178 2267 1222 2311 P,
1248 2277 1310 2303 em.
1332 2267 1501 2302 Gelenius
1558 2292 1562 2299 .

166 2319 208 2350 19
235 2315 464 2358 maximeque
494 2314 529 2348 1²
