1635 2572
165 119 219 160 68
818 115 849 149 11

126 242 144 272 ‘2
166 230 274 268 luere
308 227 517 279 suppliciis.
580 236 773 275 nusquam
805 229 887 263 erat
919 224 1128 274 Pompeius
1161 235 1341 274 corpore,
1374 223 1499 261 adime

165 287 311 337 ubique
344 285 493 324 virebat
527 285 692 321 nomine.
743 284 885 333 quippe
919 284 1056 331 ingens
1082 282 1252 332 partium
1285 282 1367 319 eius
1394 282 1500 319 favor

167 346 310 385 bellum
337 346 570 382 excitaverat
591 342 781 391 Africum,
815 340 917 391 quod
945 339 1070 378 ciebat
1092 351 1159 377 rex
1181 338 1272 377 Iuba
1299 345 1337 377 et
1358 338 1500 391 Scipio,

167 406 225 442 vir
264 402 497 452 consularis,
539 405 626 438 ante
666 399 866 437 biennium
905 410 1020 449 quam
1057 399 1352 448 extingueretur
1390 397 1500 436 Pom·

127 481 146 511 3
169 465 291 514 peius,
316 461 441 498 lectus
468 459 513 496 ab
542 471 586 496 eo
613 469 736 510 socer,
763 468 977 507 eorumque
1000 457 1130 507 copias
1150 461 1309 494 auxerat
1329 454 1375 493 M.
1398 454 1503 506 Cato,
1523 464 1538 488 5

130 715 146 744 1

130 1006 150 1037 ‘2

168 521 316 571 ingenti
348 530 437 557 cum
475 516 701 555 difficultate
741 517 925 554 itinerum
964 514 1217 564 locorumque
1256 515 1384 565 inopia
1416 525 1503 564 per-

168 579 295 618 ductis
328 577 374 616 ad
407 589 473 615 eos
506 574 740 626 legionibus:
774 575 839 624 qui
872 575 929 611 vir
962 585 1051 611 cum
1078 584 1272 611 summum
1299 573 1335 610 ei
1361 584 1381 610 a
1408 571 1503 610 mili-

169 638 273 676 tibus
304 636 525 674 deserretur
557 635 781 685 imperium,
814 633 1053 670 honoratiori
1085 643 1222 682 parere
1255 630 1400 669 maluit.

287 693 354 734 55.
396 693 586 731 Admonet
611 693 824 743 promissae
852 690 1053 729 brevitatis
1074 689 1186 741 tides,
1213 695 1358 740 quanto
1379 689 1506 726 omnia

169 761 400 793 transcursu
438 750 600 790 dicenda
632 752 720 788 sint.
783 760 950 799 sequens
990 749 1185 786 fortunam
1224 759 1332 786 suam
1365 746 1505 785 Caesar
1527 760 1558 785 ιο

169 818 375 864 pervectus
408 812 448 848 in
480 810 649 847 Africam
680 814 756 859 est,
793 819 909 858 quam
941 808 1070 845 occiso
1104 805 1142 844 C.
1177 805 1363 857 Curione,
1395 805 1506 843 lulia-

170 882 309 910 narum
341 870 438 908 duce
472 869 658 919 partium,
690 866 915 917 Pompeiani
948 864 1176 903 obtinebant
1202 865 1408 902 exercitus.
1455 862 1508 901 ibi

171 932 296 981 primo
347 929 449 965 varia
500 928 672 977 fortuna,
723 937 810 962 mox
861 925 1045 975 pugnavit
1094 935 1179 974 sua,
1223 922 1507 972 inclinataeque

172 989 343 1026 bostium
382 987 532 1036 copiae:
570 996 642 1022 nec
679 982 877 1021 dissimilis
915 982 969 1020 ibi
1007 981 1192 1020 adversus
1230 982 1352 1019 victos
1393 991 1508 1030 quam

172 1049 209 1084 in
243 1048 395 1096 priores
428 1043 632 1081 clementia
659 1042 833 1079 Caesaris
865 1041 949 1079 suit.
1002 1041 1189 1078 victorem
1215 1040 1384 1077 Africani
1417 1037 1562 1076 belli15

173 1104 379 1143 Caesarem
411 1103 566 1153 gravius
598 1101 750 1149 excepit
781 1098 1037 1149 Hispaniense
1076 1094 1185 1149 (nam
1222 1099 1347 1135 victus
1385 1095 1431 1134 ab
1464 1107 1510 1134 eo

172 1163 392 1201 Pharnaces
443 1161 503 1197 vix
548 1158 759 1209 quidquam
803 1157 946 1207 gloriae
998 1157 1082 1194 eius
1127 1151 1356 1207 adstruxit),
1408 1153 1510 1205 quod

174 1221 241 1260 Cn.
274 1220 501 1270 Pompeius,
538 1217 666 1267 Magni
697 1215 816 1267 filius,
855 1214 1083 1253 adulescens
1120 1215 1288 1264 impetus
1328 1212 1374 1251 ad
1412 1212 1511 1251 bella

174 1280 347 1330 maximi,
384 1279 521 1327 ingens
561 1288 603 1313 ac
635 1273 809 1313 terribile
843 1273 1093 1324 conflaverat,
1132 1271 1303 1322 undique
1343 1271 1387 1309 ad
1422 1283 1511 1310 eum

176 1338 300 1376 adhue
333 1336 485 1387 paterni
516 1335 684 1372 nominis
716 1331 1022 1382 magnitudinem
1060 1331 1307 1381 sequentium
1346 1341 1392 1368 ex
1430 1336 1510 1368 toto
1531 1343 1564 1368 20

176 1396 269 1434 orbe
310 1400 505 1433 terrarum
550 1390 700 1430 auxiliis
745 1389 1043 1429 confluentibus.
1112 1400 1180 1427 sua
1225 1388 1430 1427 Caesarem
1472 1389 1512 1426 in

176 1454 400 1505 Hispaniam
428 1452 610 1489 comitata
636 1450 792 1487 fortuna
825 1453 901 1499 est,
931 1447 997 1486 sed
1025 1447 1175 1485 nullum
1201 1458 1385 1497 umquam
1412 1452 1511 1485 atro-

178 1515 261 1551 cius
292 1510 630 1563 periculosiusque
663 1507 709 1545 ab
742 1519 787 1545 eo
819 1508 957 1545 initum
984 1505 1193 1557 proelium,
1226 1505 1319 1543 adeo
1352 1509 1394 1542 ut
1425 1504 1512 1555 plus

178 1582 293 1622 quam
331 1568 448 1607 dubio
487 1567 607 1606 Marte
645 1564 901 1604 descenderet
939 1576 1039 1614 equo
1083 1564 1378 1613 consistensque
1423 1568 1512 1600 ante

179 1628 429 1668 recedentem
461 1637 623 1664 suorum
655 1625 794 1675 aciem,
832 1624 1021 1674 increpita
1056 1623 1166 1672 prius
1198 1622 1371 1673 fortuna,
1410 1621 1512 1671 qnod
1533 1634 1566 1659 25

180 1700 220 1726 se
253 1689 292 1725 in
326 1697 414 1724 eum
447 1689 640 1722 servasset
665 1684 829 1733 exitum,
862 1682 1110 1720 denimtiaret
1139 1679 1325 1718 militibus
1353 1680 1513 1730 vestigio

181 1758 220 1783 se
255 1756 331 1783 non
364 1754 631 1782 recessurum:
668 1740 831 1792 proinde
864 1739 1057 1790 viderent,
1095 1749 1211 1789 quem
1244 1743 1282 1776 et
1314 1749 1390 1788 quo
1429 1737 1513 1775 loco

139 1806 455 1855 4iinperatorem
499 1801 694 1839 deserturi
738 1800 876 1837 l'orent.
949 1796 1182 1836 verecundia
1230 1797 1350 1847 magis
1400 1807 1514 1846 quam

180 1864 323 1901 virtute
363 1862 464 1899 acies
503 1861 699 1909 restituta,
739 1863 776 1895 et
814 1869 833 1895 a
872 1856 969 1895 duce
1004 1867 1119 1907 quam
1151 1867 1171 1893 a
1210 1854 1329 1893 milite
1363 1854 1513 1892 fortius.

276 1968 295 1997 2
323 1961 473 1996 uiuebat
499 1960 690 1994 Heinsius:
719 1958 830 1992 Iuba-e
857 1957 932 1991 ΑΡ
1053 1960 1072 1991 5
1099 1966 1201 1990 socer
1229 1955 1326 1988 MA:
1353 1965 1456 1989 sacer
1483 1954 1519 1988 P

277 2013 295 2043 7
324 2020 344 2042 a
371 2006 549 2042 militibus
578 2007 676 2040 MA:
704 2005 861 2039 ambitus
891 2004 926 2037 P
1025 2006 1045 2038 8
1072 2012 1199 2047 parere
1224 2001 1359 2036 Burer:
1387 2011 1516 2045 parare

184 2058 234 2100 1',
262 2055 385 2101 parari
410 2056 443 2088 A
542 2058 561 2087 9
588 2052 734 2097 quando
761 2052 795 2085 A
894 2055 935 2084 10
963 2051 1047 2083 suut
1070 2050 1105 2082 A
1193 2052 1232 2082 11
1260 2048 1297 2082 in
1324 2049 1517 2092 peruectus

183 2104 220 2138 in
246 2105 279 2136 A
303 2105 307 2145 Ι
331 2103 385 2136 est
413 2101 538 2135 Orelli:
566 2101 603 2133 et
627 2100 679 2140 A,
704 2109 768 2133 om«.
799 2098 834 2131 P
854 2099 858 2137 ἱ
881 2096 917 2131 C.
945 2096 1028 2130 add.
1054 2095 1209 2139 Stanyer
1289 2099 1330 2128 13
1358 2094 1516 2138 fort-uua,

184 2162 267 2185 mox
294 2162 326 2194 p.
356 2159 419 2182 sua
446 2147 550 2181 Acid.
577 2150 608 2180 et
635 2146 799 2189 Lipsius:
825 2144 1011 2178 fortuna-m
1038 2141 1264 2186 expugnauit
1289 2141 1349 2175 uia
1375 2141 1449 2175 ,11²

188 2201 228 2232 16
257 2196 448 2231 Caesarem
475 2197 525 2228 A:
554 2193 590 2227 C.
618 2192 810 2227 Caesarem
838 2191 874 2225 P
969 2193 1010 2224 18
1038 2189 1084 2223 ad
1111 2188 1323 2223 bellandum
1352 2187 1518 2223 Gelenius

280 2247 322 2277 ‘25
354 2243 543 2285 increpata
570 2241 602 2273 A
627 2251 683 2283 pr.
710 2251 754 2273 m.
857 2241 900 2272 29
932 2235 1103 2271 restituta
1135 2238 1171 2270 et
1203 2246 1223 2269 a
1255 2235 1379 2270 Orelli:
1413 2234 1518 2269 resti·

186 2291 286 2323 tutae
315 2289 350 2323 C.
378 2290 419 2322 A.
448 2289 515 2329 Illi,
543 2286 734 2320 restitutae
760 2285 844 2319 sunt
869 2295 890 2318 a
916 2284 991 2318 ΑΡ
