1635 2572
91 368 108 397 1

91 716 110 745 2

92 1067 112 1097 3

94 1533 116 1563 4

128 133 157 174 4
796 128 813 162 I

130 243 300 282 colonias
332 243 379 280 iis
412 238 634 279 nominibus
673 237 855 288 appellat,
895 236 1037 287 quibus
1068 235 1307 275 vocabantur
1345 242 1468 276 aetate

131 304 232 353 eius,
264 300 385 339 multo
419 305 506 350 post
538 297 651 336 Ilium
684 301 840 346 captum
872 295 1061 333 conditae.

247 358 286 398 4.
337 357 594 396 Athenienses
632 356 671 392 in
703 352 862 392 Euboea
895 352 1074 391 Chalcida
1113 358 1151 391 et
1183 351 1377 390 Eretriam
1408 365 1469 392 co·

130 418 230 456 lonis
269 426 526 467 occupavere,
565 412 860 450 Lacedaemonii
898 412 938 449 in
970 411 1058 449 Asia
1096 410 1342 461 Magnesiam.
1398 422 1472 450 nec

130 476 252 515 multo
302 479 390 525 post
440 471 714 510 Chalcidenses
765 471 858 521 orti,
912 475 955 508 ut
1004 468 1284 521 praediximus,
1335 468 1472 508 Atticis
1492 477 1508 503 5

130 533 317 585 Hippocle
350 537 388 570 et
420 529 668 580 Megasthene
701 527 866 567 ducibus
900 527 1040 567 Cumas
1079 529 1119 566 in
1151 527 1258 566 Italia
1291 526 1471 566 condide-

130 597 233 630 runt.
289 590 406 629 huius
445 589 580 627 classis
619 599 778 626 cursum
817 598 903 625 esse
942 586 1136 625 directum
1176 585 1239 624 alii
1271 585 1471 625 columbae

131 649 398 689 antecedentis
430 647 559 685 volatu
590 647 739 697 ferunt,
778 645 842 684 alii
874 650 1067 683 nocturno
1100 646 1201 683 aeris
1233 656 1348 696 sono,
1381 656 1472 695 qua-

131 708 178 747 lis
211 706 436 746 Cerealibus
469 706 589 744 sacris
611 705 706 743 cieri
738 703 847 742 solet.
901 715 991 755 pars
1011 703 1153 742 horum
1173 704 1315 742 civium
1334 714 1473 754 magno

130 772 219 818 post
250 764 451 804 intervallo
478 763 679 814 Neapolim
711 761 894 800 condidit.
954 764 1161 812 utriusque
1193 760 1303 800 urbis
1335 763 1473 800 eximia
1497 770 1526 794 10

132 836 287 876 semper
318 826 358 862 in
388 823 582 862 Romanos
615 821 711 860 tides
744 821 835 859 facit
867 832 931 859 eas
965 819 1165 859 nobilitate
1198 825 1313 870 atque
1347 831 1472 858 amoe-

131 885 251 922 nitate
297 894 366 921 sua
410 881 667 932 dignissimas.
724 879 791 918 sed
835 878 911 917 illis
954 878 1177 929 diligentior
1216 879 1316 917 ritus
1358 879 1472 929 patrii

132 943 274 981 mansit
324 940 517 992 custodia,
567 939 761 978 Cumanos
799 937 898 976 Osca
948 939 1111 976 mutavit
1151 938 1301 976 vicinia.
1371 938 1474 975 vires

133 1007 263 1039 autem
283 1005 435 1038 veteres
468 1010 601 1037 earum
633 996 791 1035 urbium
822 995 1015 1046 hodieque
1048 995 1273 1046 magnitudo
1306 1000 1476 1034 ostentat

134 1060 342 1097 moenium.
388 1056 645 1107 subsequenti
677 1061 852 1106 tempore
883 1066 1020 1105 magna
1050 1055 1106 1093 vis
1140 1053 1309 1093 Graecae
1341 1055 1473 1092 iuven-
1495 1062 1530 1087 15

132 1119 227 1156 tutis
260 1116 494 1154 abundantia
525 1116 667 1152 virium
688 1113 800 1152 sedes
829 1114 1053 1163 quaeritans
1084 1114 1125 1150 in
1145 1112 1274 1150 Asiam
1306 1124 1346 1150 se
1380 1112 1473 1150 effu-

133 1176 198 1214 dit.
256 1186 343 1213 nam
383 1180 421 1212 et
459 1173 571 1211 Iones
609 1172 708 1210 duce
748 1171 839 1209 Ione
876 1171 1044 1221 profecti
1081 1169 1243 1208 Athenis
1281 1169 1474 1208 nobilissi-

132 1245 235 1272 mam
261 1238 412 1283 partem
433 1232 604 1282 regionis
624 1231 839 1268 maritimae
869 1240 1129 1280 occupavere,
1162 1240 1260 1279 quae
1280 1227 1474 1279 hodieque

134 1291 350 1343 appellatur
382 1290 505 1341 Ionia,
538 1287 735 1338 urbesque
769 1289 1008 1325 constituere
1039 1286 1256 1338 Ephesum,
1289 1286 1475 1339 Miletum,

135 1349 375 1400 Colophona,
407 1348 593 1399 Prienen,
625 1345 844 1397 Lebedum,
863 1345 1080 1397 Myuntem,
1101 1344 1325 1396 Erythram,
1347 1344 1474 1383 Clazo—
1496 1353 1528 1378 20

135 1419 287 1460 menas,
320 1407 551 1458 Phocaeam,
584 1405 805 1455 multasque
837 1405 877 1443 in
897 1405 1047 1454 Aegaeo
1081 1409 1196 1453 atque
1218 1402 1340 1442 Icario
1361 1415 1475 1442 occu-

135 1478 275 1517 pavere
300 1465 464 1516 insulas,
498 1464 674 1514 Samum,
707 1462 862 1514 Chium,
895 1462 1087 1514 Andrum,
1119 1461 1288 1514 Tenum,
1320 1461 1476 1513 Parum,

136 1524 273 1563 Delum
312 1524 480 1574 aliasque
519 1521 719 1573 ignobiles.
776 1527 814 1559 et
846 1532 935 1558 mox
972 1519 1094 1559 Aeolii
1133 1520 1266 1558 eadem
1309 1520 1477 1570 profecti

136 1583 296 1621 Graecia
327 1582 643 1632 longissimisque
676 1580 751 1618 acti
785 1578 986 1617 erroribus
1018 1590 1096 1617 non
1128 1579 1257 1617 minus
1290 1578 1475 1616 inlustres

136 1641 391 1679 obtinuerunt
422 1640 527 1678 locos
560 1639 762 1688 clarasque
795 1636 915 1676 urbes
947 1636 1228 1688 condiderunt,
1260 1635 1475 1688 Smyrnam,
1496 1644 1528 1669 25

138 1699 299 1751 Cymen,
338 1698 548 1748 Larissam,
586 1696 775 1748 Myrinam
812 1695 1099 1747 Mytilenenque
1138 1700 1177 1734 et
1214 1694 1306 1733 alias
1345 1694 1476 1747 urbes,

139 1769 235 1808 quae
270 1762 361 1795 sunt
392 1758 431 1794 in
464 1755 588 1794 Lesbo
620 1755 757 1794 insula.

233 1919 253 1950 3
287 1914 463 1949 Chalcida
495 1913 684 1957 (Chalcide
723 1914 862 1959 aliquot
892 1913 1052 1957 exempla
1077 1912 1159 1947 eclit.
1189 1912 1237 1956 P)
1268 1911 1478 1946 Erethriam

142 1962 186 2006 P,
214 1962 378 2006 copulam
410 1961 554 1995 addidit
580 1960 748 1995 Gelenius
874 1965 895 1995 4
921 1960 1048 1994 Asiam
1073 1969 1117 1993 ac
1142 1958 1294 1993 Nesiam
1322 1958 1357 1992 P

141 2014 161 2043 (3
188 2009 397 2051 Megestene
427 2008 462 2041 P
577 2011 619 2041 12
647 2008 709 2041 sed
736 2007 818 2041 aliis
846 2007 891 2051 P,
917 2018 978 2041 em.
1004 2005 1150 2040 Rulmk.
1255 2009 1297 2038 15
1324 2015 1477 2049 graecae

143 2056 190 2089 M
198 2070 204 2089 ε
244 2054 419 2089 Graeciae
460 2054 496 2088 P
626 2059 668 2088 16
699 2054 860 2088 virorum
894 2053 1064 2088 Burman
1195 2054 1239 2086 20
1270 2051 1477 2095 Myuntem,

141 2103 256 2136 Teum
283 2101 325 2136 G.
348 2101 494 2135 Vossius
516 2102 520 2144 Ι
542 2100 719 2144 Erythras
745 2101 855 2135 Kritz
969 2103 1010 2134 ‘22
1037 2098 1198 2132 Pharum
1226 2097 1262 2131 P
1364 2101 1407 2132 23
1435 2108 1479 2132 ex

140 2149 269 2183 eadem
302 2148 468 2192 Madvig,
501 2148 546 2189 ef.
579 2150 696 2181 tamen
731 2152 762 2190 ⁶2,
791 2151 845 2190 02,
872 2151 892 2181 3
924 2144 1082 2191 profecti
1112 2144 1201 2179 urbe
1233 2146 1343 2189 atque
1370 2143 1479 2179 Italia

212 2200 253 2228 ‘25
280 2196 385 2229 immo
406 2195 616 2237 Zmyrnam,
644 2198 683 2228 w!
709 2198 757 2228 est
784 2198 814 2237 2,
842 2198 897 2238 (39,
926 2198 942 2227 1
1053 2195 1096 2226 26
1122 2191 1411 2236 Mytilenemque
1434 2191 1478 2234 P,

140 2242 414 2322 Mit3·lt11101}<111e
447 2241 603 2284 Ruhnlc„
636 2242 679 2276 c'.
714 2245 744 2283 2,
773 2245 827 2285 53,
854 2244 874 2275 2
903 2241 908 2283 Ι
935 2239 1043 2274 urbes
1074 2238 1222 2273 inclusit
1246 2238 1478 2282 praecedente

142 2290 296 2324 Grutero
343 2288 463 2322 {alanta
