<?xml version="1.0" encoding="UTF-8"?>
<!DOCTYPE html PUBLIC "-//W3C//DTD XHTML 1.0 Transitional//EN"
    "http://www.w3.org/TR/xhtml1/DTD/xhtml1-transitional.dtd">
<html xmlns="http://www.w3.org/1999/xhtml" xml:lang="en" lang="en">
 <head>
  <title>
</title>
<meta http-equiv="Content-Type" content="text/html;charset=utf-8" />
  <meta name='ocr-system' content='tesseract 3.04.00' />
  <meta name='ocr-capabilities' content='ocr_page ocr_carea ocr_par ocr_line ocrx_word'/>
</head>
<body>
  <div class='ocr_page' id='page_1' title='image "./exhistoriaeroman00velluoft_0136.png"; bbox 0 0 1635 2572; ppageno 0'>
   <div class='ocr_carea' id='block_1_1' title="bbox 193 151 873 194">
    <p class='ocr_par' dir='ltr' id='par_1_1' title="bbox 193 151 873 194">
     <span class='ocr_line' id='line_1_1' title="bbox 193 151 873 194; baseline -0.013 0"><span class='ocrx_word' id='word_1_1' title='bbox 193 152 274 194; x_wconf 78' lang='grc'>128</span> <span class='ocrx_word' id='word_1_2' title='bbox 840 151 873 185; x_wconf 87' lang='lat'>11</span> 
     </span>
    </p>
   </div>
   <div class='ocr_carea' id='block_1_2' title="bbox 148 260 1583 1651">
    <p class='ocr_par' dir='ltr' id='par_1_2' title="bbox 148 260 1525 373">
     <span class='ocr_line' id='line_1_2' title="bbox 148 260 1525 311; baseline -0.001 -9"><span class='ocrx_word' id='word_1_3' title='bbox 148 272 278 302; x_wconf 85' lang='lat' dir='ltr'>5nam</span> <span class='ocrx_word' id='word_1_4' title='bbox 318 263 445 301; x_wconf 80' lang='lat' dir='ltr'>facere</span> <span class='ocrx_word' id='word_1_5' title='bbox 487 267 592 300; x_wconf 87' lang='lat' dir='ltr'>recte</span> <span class='ocrx_word' id='word_1_6' title='bbox 634 261 728 298; x_wconf 83' lang='lat' dir='ltr'>civis</span> <span class='ocrx_word' id='word_1_7' title='bbox 772 271 863 298; x_wconf 87' lang='lat' dir='ltr'>suos</span> <span class='ocrx_word' id='word_1_8' title='bbox 907 261 1089 311; x_wconf 86' lang='lat' dir='ltr'>princeps</span> <span class='ocrx_word' id='word_1_9' title='bbox 1133 261 1304 310; x_wconf 86' lang='lat' dir='ltr'>optimus</span> <span class='ocrx_word' id='word_1_10' title='bbox 1349 260 1525 300; x_wconf 78' lang='lat' dir='ltr'>faciendo</span> 
     </span>
     <span class='ocr_line' id='line_1_3' title="bbox 189 317 1525 373; baseline -0.001 -13"><span class='ocrx_word' id='word_1_11' title='bbox 189 321 321 373; x_wconf 90' lang='lat' dir='ltr'>docet,</span> <span class='ocrx_word' id='word_1_12' title='bbox 360 332 526 370; x_wconf 78' lang='lat' dir='ltr'>euinque</span> <span class='ocrx_word' id='word_1_13' title='bbox 559 320 609 357; x_wconf 86' lang='lat' dir='ltr'>sit</span> <span class='ocrx_word' id='word_1_14' title='bbox 647 319 810 369; x_wconf 88' lang='lat' dir='ltr'>imperio</span> <span class='ocrx_word' id='word_1_15' title='bbox 844 320 1050 369; x_wconf 82' lang='lat' dir='ltr'>maximus,</span> <span class='ocrx_word' id='word_1_16' title='bbox 1089 317 1264 368; x_wconf 86' lang='lat' dir='ltr'>exemplo</span> <span class='ocrx_word' id='word_1_17' title='bbox 1303 320 1424 357; x_wconf 88' lang='lat' dir='ltr'>maior</span> <span class='ocrx_word' id='word_1_18' title='bbox 1455 324 1525 358; x_wconf 88' lang='lat' dir='ltr'>est.</span> 
     </span>
    </p>

    <p class='ocr_par' dir='ltr' id='par_1_3' title="bbox 151 376 1562 721">
     <span class='ocr_line' id='line_1_4' title="bbox 151 376 1526 427; baseline -0.002 -9"><span class='ocrx_word' id='word_1_19' title='bbox 151 390 167 418; x_wconf 92' lang='lat'>1</span> <span class='ocrx_word' id='word_1_20' title='bbox 310 377 402 417; x_wconf 78' lang='lat'>127.</span> <span class='ocrx_word' id='word_1_21' title='bbox 465 377 565 415; x_wconf 81' lang='lat' dir='ltr'>Raro</span> <span class='ocrx_word' id='word_1_22' title='bbox 608 377 823 415; x_wconf 89' lang='lat' dir='ltr'>eminentes</span> <span class='ocrx_word' id='word_1_23' title='bbox 865 378 936 414; x_wconf 81' lang='lat' dir='ltr'>viri</span> <span class='ocrx_word' id='word_1_24' title='bbox 977 388 1054 414; x_wconf 91' lang='lat' dir='ltr'>non</span> <span class='ocrx_word' id='word_1_25' title='bbox 1095 377 1243 427; x_wconf 81' lang='lat' dir='ltr'>magnis</span> <span class='ocrx_word' id='word_1_26' title='bbox 1284 376 1526 416; x_wconf 87' lang='lat' dir='ltr'>adiutoribus</span> 
     </span>
     <span class='ocr_line' id='line_1_5' title="bbox 190 434 1526 486; baseline -0.002 -10"><span class='ocrx_word' id='word_1_27' title='bbox 190 439 234 476; x_wconf 87' lang='lat' dir='ltr'>ad</span> <span class='ocrx_word' id='word_1_28' title='bbox 268 435 558 486; x_wconf 74' lang='lat' dir='ltr'>gubernandam</span> <span class='ocrx_word' id='word_1_29' title='bbox 586 435 780 473; x_wconf 82' lang='lat' dir='ltr'>fortunam</span> <span class='ocrx_word' id='word_1_30' title='bbox 808 446 916 473; x_wconf 86' lang='lat' dir='ltr'>suam</span> <span class='ocrx_word' id='word_1_31' title='bbox 937 436 997 472; x_wconf 87' lang='lat' dir='ltr'>usi</span> <span class='ocrx_word' id='word_1_32' title='bbox 1023 440 1131 486; x_wconf 92' lang='lat' dir='ltr'>sunt,</span> <span class='ocrx_word' id='word_1_33' title='bbox 1164 440 1207 473; x_wconf 94' lang='lat' dir='ltr'>ut</span> <span class='ocrx_word' id='word_1_34' title='bbox 1226 434 1302 473; x_wconf 91' lang='lat' dir='ltr'>duo</span> <span class='ocrx_word' id='word_1_35' title='bbox 1324 434 1526 486; x_wconf 83' lang='lat' dir='ltr'>Scipiones</span> 
     </span>
     <span class='ocr_line' id='line_1_6' title="bbox 190 492 1562 545; baseline -0.004 -12"><span class='ocrx_word' id='word_1_36' title='bbox 190 495 342 533; x_wconf 80' lang='lat' dir='ltr'>duobus</span> <span class='ocrx_word' id='word_1_37' title='bbox 375 493 532 545; x_wconf 80' lang='lat' dir='ltr'>Laeliis,</span> <span class='ocrx_word' id='word_1_38' title='bbox 577 505 674 544; x_wconf 90' lang='lat' dir='ltr'>quos</span> <span class='ocrx_word' id='word_1_39' title='bbox 705 505 776 544; x_wconf 89' lang='lat' dir='ltr'>per</span> <span class='ocrx_word' id='word_1_40' title='bbox 807 494 935 531; x_wconf 86' lang='lat' dir='ltr'>omnia</span> <span class='ocrx_word' id='word_1_41' title='bbox 967 499 1230 543; x_wconf 86' lang='lat' dir='ltr'>aequaverunt</span> <span class='ocrx_word' id='word_1_42' title='bbox 1268 492 1358 544; x_wconf 85' lang='lat' dir='ltr'>sibi,</span> <span class='ocrx_word' id='word_1_43' title='bbox 1397 499 1439 532; x_wconf 93' lang='lat' dir='ltr'>ut</span> <span class='ocrx_word' id='word_1_44' title='bbox 1471 493 1525 532; x_wconf 93' lang='lat' dir='ltr'>di·</span> <span class='ocrx_word' id='word_1_45' title='bbox 1546 502 1562 528; x_wconf 87' lang='lat'><strong>5</strong></span> 
     </span>
     <span class='ocr_line' id='line_1_7' title="bbox 190 550 1528 604; baseline -0.001 -12"><span class='ocrx_word' id='word_1_46' title='bbox 190 566 259 592; x_wconf 77' lang='lat' dir='ltr'>vus</span> <span class='ocrx_word' id='word_1_47' title='bbox 286 553 484 604; x_wconf 81' lang='lat' dir='ltr'>Augustus</span> <span class='ocrx_word' id='word_1_48' title='bbox 517 551 563 590; x_wconf 87' lang='lat' dir='ltr'>M.</span> <span class='ocrx_word' id='word_1_49' title='bbox 585 552 752 602; x_wconf 77' lang='lat' dir='ltr'>Agrippa</span> <span class='ocrx_word' id='word_1_50' title='bbox 785 557 823 589; x_wconf 88' lang='lat' dir='ltr'>et</span> <span class='ocrx_word' id='word_1_51' title='bbox 854 552 1028 602; x_wconf 79' lang='lat' dir='ltr'><strong>proxime</strong></span> <span class='ocrx_word' id='word_1_52' title='bbox 1062 550 1108 588; x_wconf 88' lang='lat' dir='ltr'>ab</span> <span class='ocrx_word' id='word_1_53' title='bbox 1141 563 1186 589; x_wconf 93' lang='lat' dir='ltr'>eo</span> <span class='ocrx_word' id='word_1_54' title='bbox 1215 551 1366 589; x_wconf 87' lang='lat' dir='ltr'>Statilio</span> <span class='ocrx_word' id='word_1_55' title='bbox 1387 551 1528 603; x_wconf 80' lang='lat' dir='ltr'>Tauro,</span> 
     </span>
     <span class='ocr_line' id='line_1_8' title="bbox 191 608 1527 662; baseline -0.001 -13"><span class='ocrx_word' id='word_1_56' title='bbox 191 611 332 662; x_wconf 87' lang='lat' dir='ltr'>quibus</span> <span class='ocrx_word' id='word_1_57' title='bbox 371 612 519 649; x_wconf 80' lang='lat' dir='ltr'>novitas</span> <span class='ocrx_word' id='word_1_58' title='bbox 559 609 722 648; x_wconf 83' lang='lat' dir='ltr'>familiae</span> <span class='ocrx_word' id='word_1_59' title='bbox 762 609 855 648; x_wconf 92' lang='lat' dir='ltr'>haut</span> <span class='ocrx_word' id='word_1_60' title='bbox 887 608 1037 647; x_wconf 86' lang='lat' dir='ltr'>obstitit</span> <span class='ocrx_word' id='word_1_61' title='bbox 1069 611 1278 659; x_wconf 86' lang='lat' dir='ltr'>quominus</span> <span class='ocrx_word' id='word_1_62' title='bbox 1318 609 1362 647; x_wconf 88' lang='lat' dir='ltr'>ad</span> <span class='ocrx_word' id='word_1_63' title='bbox 1399 609 1527 648; x_wconf 89' lang='lat' dir='ltr'>multi-</span> 
     </span>
     <span class='ocr_line' id='line_1_9' title="bbox 190 667 1528 721; baseline -0.001 -13"><span class='ocrx_word' id='word_1_64' title='bbox 190 670 302 721; x_wconf 84' lang='lat' dir='ltr'>plicis</span> <span class='ocrx_word' id='word_1_65' title='bbox 340 668 566 707; x_wconf 88' lang='lat' dir='ltr'>consulatus</span> <span class='ocrx_word' id='word_1_66' title='bbox 605 667 901 718; x_wconf 82' lang='lat' dir='ltr'>triumphosque</span> <span class='ocrx_word' id='word_1_67' title='bbox 947 673 985 705; x_wconf 90' lang='lat' dir='ltr'>et</span> <span class='ocrx_word' id='word_1_68' title='bbox 1029 667 1228 718; x_wconf 90' lang='lat' dir='ltr'>complura</span> <span class='ocrx_word' id='word_1_69' title='bbox 1269 667 1528 707; x_wconf 78' lang='lat' dir='ltr'>eveherentur</span> 
     </span>
    </p>

    <p class='ocr_par' dir='ltr' id='par_1_4' title="bbox 150 725 1583 896">
     <span class='ocr_line' id='line_1_10' title="bbox 150 725 1528 777; baseline -0.001 -10"><span class='ocrx_word' id='word_1_70' title='bbox 150 748 170 777; x_wconf 79' lang='lat'>2</span> <span class='ocrx_word' id='word_1_71' title='bbox 192 727 418 767; x_wconf 82' lang='lat' dir='ltr'>sacerdotia.</span> <span class='ocrx_word' id='word_1_72' title='bbox 457 728 602 766; x_wconf 83' lang='lat' dir='ltr'>etenim</span> <span class='ocrx_word' id='word_1_73' title='bbox 627 738 764 776; x_wconf 85' lang='lat' dir='ltr'>magna</span> <span class='ocrx_word' id='word_1_74' title='bbox 790 727 942 776; x_wconf 85' lang='lat' dir='ltr'>negotia</span> <span class='ocrx_word' id='word_1_75' title='bbox 973 727 1121 776; x_wconf 85' lang='lat' dir='ltr'>magnis</span> <span class='ocrx_word' id='word_1_76' title='bbox 1149 725 1392 764; x_wconf 84' lang='lat' dir='ltr'>adiutoribus</span> <span class='ocrx_word' id='word_1_77' title='bbox 1413 732 1528 777; x_wconf 84' lang='lat' dir='ltr'>egent</span> 
     </span>
     <span class='ocr_line' id='line_1_11' title="bbox 193 783 1583 838; baseline -0.004 -13"><span class='ocrx_word' id='word_1_78' title='bbox 193 786 337 838; x_wconf 89' lang='lat' dir='ltr'>[neque</span> <span class='ocrx_word' id='word_1_79' title='bbox 375 787 414 824; x_wconf 93' lang='lat' dir='ltr'>in</span> <span class='ocrx_word' id='word_1_80' title='bbox 452 797 569 837; x_wconf 88' lang='lat' dir='ltr'>parvo</span> <span class='ocrx_word' id='word_1_81' title='bbox 607 786 780 836; x_wconf 75' lang='lat' dir='ltr'>paucitas</span> <span class='ocrx_word' id='word_1_82' title='bbox 818 785 1031 822; x_wconf 87' lang='lat' dir='ltr'>ministeria</span> <span class='ocrx_word' id='word_1_83' title='bbox 1069 783 1248 836; x_wconf 77' lang='lat' dir='ltr'>defecitJ,</span> <span class='ocrx_word' id='word_1_84' title='bbox 1286 786 1527 835; x_wconf 82' lang='lat' dir='ltr'>interestque</span> <span class='ocrx_word' id='word_1_85' title='bbox 1550 795 1583 820; x_wconf 87' lang='lat'>10</span> 
     </span>
     <span class='ocr_line' id='line_1_12' title="bbox 192 842 1528 896; baseline -0.001 -13"><span class='ocrx_word' id='word_1_86' title='bbox 192 847 247 883; x_wconf 88' lang='lat' dir='ltr'>rei</span> <span class='ocrx_word' id='word_1_87' title='bbox 280 844 456 896; x_wconf 85' lang='lat' dir='ltr'>publicae</span> <span class='ocrx_word' id='word_1_88' title='bbox 490 843 591 895; x_wconf 91' lang='lat' dir='ltr'>quod</span> <span class='ocrx_word' id='word_1_89' title='bbox 625 855 699 881; x_wconf 85' lang='lat' dir='ltr'>usu</span> <span class='ocrx_word' id='word_1_90' title='bbox 728 844 993 881; x_wconf 86' lang='lat' dir='ltr'>necessarium</span> <span class='ocrx_word' id='word_1_91' title='bbox 1025 848 1101 894; x_wconf 86' lang='lat' dir='ltr'>est,</span> <span class='ocrx_word' id='word_1_92' title='bbox 1139 842 1323 893; x_wconf 77' lang='lat' dir='ltr'>dignitate</span> <span class='ocrx_word' id='word_1_93' title='bbox 1356 845 1528 882; x_wconf 86' lang='lat' dir='ltr'>eminere</span> 
     </span>
    </p>

    <p class='ocr_par' dir='ltr' id='par_1_5' title="bbox 150 900 1582 1305">
     <span class='ocr_line' id='line_1_13' title="bbox 150 900 1529 953; baseline -0.001 -11"><span class='ocrx_word' id='word_1_94' title='bbox 150 903 476 953; x_wconf 77' lang='lat' dir='ltr'>autiluatemque</span> <span class='ocrx_word' id='word_1_95' title='bbox 521 903 753 941; x_wconf 87' lang='lat' dir='ltr'>auctoritate</span> <span class='ocrx_word' id='word_1_96' title='bbox 797 902 952 939; x_wconf 91' lang='lat' dir='ltr'>muniri.</span> <span class='ocrx_word' id='word_1_97' title='bbox 1021 900 1092 939; x_wconf 90' lang='lat' dir='ltr'>sub</span> <span class='ocrx_word' id='word_1_98' title='bbox 1137 900 1197 939; x_wconf 87' lang='lat' dir='ltr'>his</span> <span class='ocrx_word' id='word_1_99' title='bbox 1241 901 1428 952; x_wconf 83' lang='lat' dir='ltr'>exemplis</span> <span class='ocrx_word' id='word_1_100' title='bbox 1471 900 1529 940; x_wconf 86' lang='lat' dir='ltr'>Ti.</span> 
     </span>
     <span class='ocr_line' id='line_1_14' title="bbox 191 959 1527 1011; baseline -0.002 -11"><span class='ocrx_word' id='word_1_101' title='bbox 191 961 332 1001; x_wconf 84' lang='lat' dir='ltr'>Caesar</span> <span class='ocrx_word' id='word_1_102' title='bbox 365 961 548 1000; x_wconf 90' lang='lat' dir='ltr'>Seianum</span> <span class='ocrx_word' id='word_1_103' title='bbox 581 960 749 1011; x_wconf 84' lang='lat' dir='ltr'>Aelium,</span> <span class='ocrx_word' id='word_1_104' title='bbox 789 961 964 1010; x_wconf 81' lang='lat' dir='ltr'>principe</span> <span class='ocrx_word' id='word_1_105' title='bbox 1004 960 1197 1009; x_wconf 89' lang='lat' dir='ltr'>equestris</span> <span class='ocrx_word' id='word_1_106' title='bbox 1235 959 1383 998; x_wconf 86' lang='lat' dir='ltr'>ordinis</span> <span class='ocrx_word' id='word_1_107' title='bbox 1419 965 1527 1010; x_wconf 86' lang='lat' dir='ltr'>patre</span> 
     </span>
     <span class='ocr_line' id='line_1_15' title="bbox 191 1017 1527 1071; baseline -0.002 -12"><span class='ocrx_word' id='word_1_108' title='bbox 191 1024 345 1071; x_wconf 76' lang='lat' dir='ltr'>natum,</span> <span class='ocrx_word' id='word_1_109' title='bbox 373 1025 548 1058; x_wconf 88' lang='lat' dir='ltr'>materno</span> <span class='ocrx_word' id='word_1_110' title='bbox 581 1030 672 1057; x_wconf 87' lang='lat' dir='ltr'>vero</span> <span class='ocrx_word' id='word_1_111' title='bbox 704 1029 846 1068; x_wconf 81' lang='lat' dir='ltr'>genere</span> <span class='ocrx_word' id='word_1_112' title='bbox 880 1017 1112 1055; x_wconf 81' lang='lat' dir='ltr'>clarissimas</span> <span class='ocrx_word' id='word_1_113' title='bbox 1138 1023 1369 1068; x_wconf 80' lang='lat' dir='ltr'>veteresque</span> <span class='ocrx_word' id='word_1_114' title='bbox 1402 1024 1441 1056; x_wconf 87' lang='lat' dir='ltr'>et</span> <span class='ocrx_word' id='word_1_115' title='bbox 1471 1019 1527 1056; x_wconf 93' lang='lat' dir='ltr'>in-</span> 
     </span>
     <span class='ocr_line' id='line_1_16' title="bbox 191 1074 1582 1129; baseline -0.003 -12"><span class='ocrx_word' id='word_1_116' title='bbox 191 1081 321 1129; x_wconf 83' lang='lat' dir='ltr'>signes</span> <span class='ocrx_word' id='word_1_117' title='bbox 353 1077 568 1122; x_wconf 83' lang='lat' dir='ltr'>honoribus</span> <span class='ocrx_word' id='word_1_118' title='bbox 595 1075 839 1127; x_wconf 88' lang='lat' dir='ltr'>complexum</span> <span class='ocrx_word' id='word_1_119' title='bbox 866 1074 1044 1126; x_wconf 79' lang='lat' dir='ltr'>familias,</span> <span class='ocrx_word' id='word_1_120' title='bbox 1076 1075 1283 1114; x_wconf 86' lang='lat' dir='ltr'>habentem</span> <span class='ocrx_word' id='word_1_121' title='bbox 1313 1075 1529 1114; x_wconf 85' lang='lat' dir='ltr'>consularis</span> <span class='ocrx_word' id='word_1_122' title='bbox 1550 1088 1582 1112; x_wconf 86' lang='lat'>15</span> 
     </span>
     <span class='ocr_line' id='line_1_17' title="bbox 192 1133 1529 1188; baseline -0.001 -13"><span class='ocrx_word' id='word_1_123' title='bbox 192 1137 350 1188; x_wconf 85' lang='lat' dir='ltr'>fratres,</span> <span class='ocrx_word' id='word_1_124' title='bbox 387 1134 661 1184; x_wconf 87' lang='lat' dir='ltr'>consobrinos,</span> <span class='ocrx_word' id='word_1_125' title='bbox 704 1133 955 1185; x_wconf 86' lang='lat' dir='ltr'>avunculum,</span> <span class='ocrx_word' id='word_1_126' title='bbox 999 1135 1127 1185; x_wconf 85' lang='lat' dir='ltr'>ipsum</span> <span class='ocrx_word' id='word_1_127' title='bbox 1170 1145 1261 1172; x_wconf 81' lang='lat' dir='ltr'>vero</span> <span class='ocrx_word' id='word_1_128' title='bbox 1302 1133 1445 1172; x_wconf 91' lang='lat' dir='ltr'>laboris</span> <span class='ocrx_word' id='word_1_129' title='bbox 1485 1146 1529 1173; x_wconf 87' lang='lat' dir='ltr'>ac</span> 
     </span>
     <span class='ocr_line' id='line_1_18' title="bbox 192 1193 1528 1246; baseline -0.002 -12"><span class='ocrx_word' id='word_1_130' title='bbox 192 1195 281 1234; x_wconf 88' lang='lat' dir='ltr'>fidei</span> <span class='ocrx_word' id='word_1_131' title='bbox 312 1195 625 1246; x_wconf 84' lang='lat' dir='ltr'>capacissimum,</span> <span class='ocrx_word' id='word_1_132' title='bbox 658 1193 875 1232; x_wconf 85' lang='lat' dir='ltr'>sufficiente</span> <span class='ocrx_word' id='word_1_133' title='bbox 906 1193 1022 1231; x_wconf 88' lang='lat' dir='ltr'>etiam</span> <span class='ocrx_word' id='word_1_134' title='bbox 1054 1193 1175 1242; x_wconf 80' lang='lat' dir='ltr'>vigori</span> <span class='ocrx_word' id='word_1_135' title='bbox 1201 1193 1318 1230; x_wconf 90' lang='lat' dir='ltr'>animi</span> <span class='ocrx_word' id='word_1_136' title='bbox 1345 1204 1528 1244; x_wconf 87' lang='lat' dir='ltr'>compage</span> 
     </span>
     <span class='ocr_line' id='line_1_19' title="bbox 193 1250 1528 1305; baseline -0.001 -13"><span class='ocrx_word' id='word_1_137' title='bbox 193 1254 387 1305; x_wconf 83' lang='lat' dir='ltr'>eorporis,</span> <span class='ocrx_word' id='word_1_138' title='bbox 431 1251 667 1303; x_wconf 81' lang='lat' dir='ltr'>singularem</span> <span class='ocrx_word' id='word_1_139' title='bbox 707 1250 979 1302; x_wconf 85' lang='lat' dir='ltr'>principalium</span> <span class='ocrx_word' id='word_1_140' title='bbox 1020 1262 1186 1289; x_wconf 90' lang='lat' dir='ltr'>onerum</span> <span class='ocrx_word' id='word_1_141' title='bbox 1229 1251 1445 1290; x_wconf 86' lang='lat' dir='ltr'>adiutorem</span> <span class='ocrx_word' id='word_1_142' title='bbox 1489 1253 1528 1290; x_wconf 91' lang='lat' dir='ltr'>in</span> 
     </span>
    </p>

    <p class='ocr_par' dir='ltr' id='par_1_6' title="bbox 151 1308 1582 1598">
     <span class='ocr_line' id='line_1_20' title="bbox 151 1308 1528 1361; baseline -0.001 -11"><span class='ocrx_word' id='word_1_143' title='bbox 151 1313 320 1350; x_wconf 84' lang='lat' dir='ltr'>4omnia</span> <span class='ocrx_word' id='word_1_144' title='bbox 357 1310 492 1349; x_wconf 88' lang='lat' dir='ltr'>habuit</span> <span class='ocrx_word' id='word_1_145' title='bbox 531 1316 646 1360; x_wconf 88' lang='lat' dir='ltr'>atque</span> <span class='ocrx_word' id='word_1_146' title='bbox 684 1308 816 1360; x_wconf 90' lang='lat' dir='ltr'>habet,</span> <span class='ocrx_word' id='word_1_147' title='bbox 861 1310 986 1347; x_wconf 81' lang='lat' dir='ltr'>vlrum</span> <span class='ocrx_word' id='word_1_148' title='bbox 1031 1310 1247 1347; x_wconf 80' lang='lat' dir='ltr'>severitatis</span> <span class='ocrx_word' id='word_1_149' title='bbox 1285 1308 1528 1361; x_wconf 80' lang='lat' dir='ltr'>laetissimae,</span> 
     </span>
     <span class='ocr_line' id='line_1_21' title="bbox 193 1366 1582 1421; baseline -0.001 -13"><span class='ocrx_word' id='word_1_150' title='bbox 193 1370 396 1408; x_wconf 86' lang='lat' dir='ltr'>hilaritatis</span> <span class='ocrx_word' id='word_1_151' title='bbox 427 1370 595 1421; x_wconf 87' lang='lat' dir='ltr'>priscae,</span> <span class='ocrx_word' id='word_1_152' title='bbox 634 1373 721 1406; x_wconf 88' lang='lat' dir='ltr'>actu</span> <span class='ocrx_word' id='word_1_153' title='bbox 754 1368 889 1405; x_wconf 83' lang='lat' dir='ltr'>otiosis</span> <span class='ocrx_word' id='word_1_154' title='bbox 923 1366 1178 1419; x_wconf 81' lang='lat' dir='ltr'>similliinum,</span> <span class='ocrx_word' id='word_1_155' title='bbox 1217 1367 1312 1406; x_wconf 89' lang='lat' dir='ltr'>nihil</span> <span class='ocrx_word' id='word_1_156' title='bbox 1343 1367 1417 1406; x_wconf 87' lang='lat' dir='ltr'>sibi</span> <span class='ocrx_word' id='word_1_157' title='bbox 1449 1369 1528 1406; x_wconf 84' lang='lat' dir='ltr'>vin·</span> <span class='ocrx_word' id='word_1_158' title='bbox 1549 1381 1582 1406; x_wconf 84' lang='lat'>20</span> 
     </span>
     <span class='ocr_line' id='line_1_22' title="bbox 193 1425 1528 1478; baseline -0.002 -11"><span class='ocrx_word' id='word_1_159' title='bbox 193 1429 385 1467; x_wconf 86' lang='lat' dir='ltr'>dicantem</span> <span class='ocrx_word' id='word_1_160' title='bbox 418 1439 541 1478; x_wconf 89' lang='lat' dir='ltr'>eoque</span> <span class='ocrx_word' id='word_1_161' title='bbox 569 1426 847 1477; x_wconf 83' lang='lat' dir='ltr'>adsequentem</span> <span class='ocrx_word' id='word_1_162' title='bbox 874 1426 1019 1478; x_wconf 86' lang='lat' dir='ltr'>omnia,</span> <span class='ocrx_word' id='word_1_163' title='bbox 1051 1437 1283 1476; x_wconf 87' lang='lat' dir='ltr'>semperque</span> <span class='ocrx_word' id='word_1_164' title='bbox 1310 1427 1409 1464; x_wconf 74' lang='lat' dir='ltr'>infra</span> <span class='ocrx_word' id='word_1_165' title='bbox 1439 1425 1528 1465; x_wconf 88' lang='lat' dir='ltr'>alio·</span> 
     </span>
     <span class='ocr_line' id='line_1_23' title="bbox 193 1483 1528 1535; baseline -0.002 -10"><span class='ocrx_word' id='word_1_166' title='bbox 193 1499 279 1526; x_wconf 92' lang='lat' dir='ltr'>rum</span> <span class='ocrx_word' id='word_1_167' title='bbox 318 1487 608 1525; x_wconf 85' lang='lat' dir='ltr'>aestimationes</span> <span class='ocrx_word' id='word_1_168' title='bbox 647 1496 688 1523; x_wconf 89' lang='lat' dir='ltr'>se</span> <span class='ocrx_word' id='word_1_169' title='bbox 720 1485 963 1535; x_wconf 86' lang='lat' dir='ltr'>metientem,</span> <span class='ocrx_word' id='word_1_170' title='bbox 1004 1483 1112 1522; x_wconf 80' lang='lat' dir='ltr'>vultu</span> <span class='ocrx_word' id='word_1_171' title='bbox 1150 1485 1303 1535; x_wconf 69' lang='lat' dir='ltr'>vitaque</span> <span class='ocrx_word' id='word_1_172' title='bbox 1342 1483 1528 1535; x_wconf 89' lang='lat' dir='ltr'>tranquil-</span> 
     </span>
     <span class='ocr_line' id='line_1_24' title="bbox 192 1545 720 1598; baseline -0.006 -14"><span class='ocrx_word' id='word_1_173' title='bbox 192 1545 290 1598; x_wconf 89' lang='lat' dir='ltr'>lum,</span> <span class='ocrx_word' id='word_1_174' title='bbox 323 1546 450 1583; x_wconf 90' lang='lat' dir='ltr'>animo</span> <span class='ocrx_word' id='word_1_175' title='bbox 484 1554 720 1582; x_wconf 84' lang='lat' dir='ltr'>exsomnem.</span> 
     </span>
    </p>

    <p class='ocr_par' dir='ltr' id='par_1_7' title="bbox 154 1600 1528 1651">
     <span class='ocr_line' id='line_1_25' title="bbox 154 1600 1528 1651; baseline -0.003 -8"><span class='ocrx_word' id='word_1_176' title='bbox 154 1612 170 1642; x_wconf 90' lang='lat'>1</span> <span class='ocrx_word' id='word_1_177' title='bbox 314 1601 406 1642; x_wconf 79' lang='lat'>128.</span> <span class='ocrx_word' id='word_1_178' title='bbox 471 1601 513 1640; x_wconf 92' lang='lat' dir='ltr'>In</span> <span class='ocrx_word' id='word_1_179' title='bbox 558 1601 673 1640; x_wconf 89' lang='lat' dir='ltr'>huius</span> <span class='ocrx_word' id='word_1_180' title='bbox 715 1602 905 1640; x_wconf 83' lang='lat' dir='ltr'>virtutum</span> <span class='ocrx_word' id='word_1_181' title='bbox 948 1602 1213 1639; x_wconf 87' lang='lat' dir='ltr'>aestimatione</span> <span class='ocrx_word' id='word_1_182' title='bbox 1258 1602 1333 1639; x_wconf 88' lang='lat' dir='ltr'>iam</span> <span class='ocrx_word' id='word_1_183' title='bbox 1377 1600 1528 1651; x_wconf 84' lang='lat' dir='ltr'>pridem</span> 
     </span>
    </p>
   </div>
   <div class='ocr_carea' id='block_1_3' title="bbox 194 1701 1533 2345">
    <p class='ocr_par' dir='ltr' id='par_1_8' title="bbox 194 1701 1529 1792">
     <span class='ocr_line' id='line_1_26' title="bbox 289 1701 1529 1748; baseline -0.002 -9"><span class='ocrx_word' id='word_1_184' title='bbox 289 1708 306 1739; x_wconf 93' lang='lat'>1</span> <span class='ocrx_word' id='word_1_185' title='bbox 334 1703 516 1748; x_wconf 80' lang='lat' dir='ltr'>principes</span> <span class='ocrx_word' id='word_1_186' title='bbox 543 1704 577 1737; x_wconf 81' lang='lat' dir='ltr'><strong><em>A</em></strong></span> <span class='ocrx_word' id='word_1_187' title='bbox 697 1706 720 1737; x_wconf 87' lang='lat'>4</span> <span class='ocrx_word' id='word_1_188' title='bbox 750 1701 821 1736; x_wconf 87' lang='lat' dir='ltr'>uisi</span> <span class='ocrx_word' id='word_1_189' title='bbox 850 1702 934 1736; x_wconf 86' lang='lat' dir='ltr'>sunt</span> <span class='ocrx_word' id='word_1_190' title='bbox 958 1701 993 1735; x_wconf 88' lang='lat' dir='ltr'><strong><em>A</em></strong></span> <span class='ocrx_word' id='word_1_191' title='bbox 1114 1705 1134 1736; x_wconf 82' lang='grc'>6</span> <span class='ocrx_word' id='word_1_192' title='bbox 1166 1701 1329 1746; x_wconf 81' lang='lat' dir='ltr'>proxime</span> <span class='ocrx_word' id='word_1_193' title='bbox 1357 1701 1529 1745; x_wconf 79' lang='lat' dir='ltr'>Scheffer:</span> 
     </span>
     <span class='ocr_line' id='line_1_27' title="bbox 194 1748 1529 1792; baseline -0.002 -7"><span class='ocrx_word' id='word_1_194' title='bbox 194 1752 351 1785; x_wconf 81' lang='lat' dir='ltr'>maxime</span> <span class='ocrx_word' id='word_1_195' title='bbox 377 1751 453 1784; x_wconf 83' lang='grc' dir='ltr'>ΛΡ</span> <span class='ocrx_word' id='word_1_196' title='bbox 553 1754 571 1783; x_wconf 86' lang='grc'><strong>7</strong></span> <span class='ocrx_word' id='word_1_197' title='bbox 599 1750 691 1784; x_wconf 83' lang='lat' dir='ltr'>haut</span> <span class='ocrx_word' id='word_1_198' title='bbox 715 1749 858 1783; x_wconf 76' lang='lat' dir='ltr'>obstitit</span> <span class='ocrx_word' id='word_1_199' title='bbox 885 1748 920 1782; x_wconf 88' lang='lat' dir='ltr'><em>P</em></span> <span class='ocrx_word' id='word_1_200' title='bbox 943 1751 974 1782; x_wconf 82' lang='lat' dir='ltr'>et</span> <span class='ocrx_word' id='word_1_201' title='bbox 999 1748 1037 1782; x_wconf 78' lang='lat' dir='ltr'>in</span> <span class='ocrx_word' id='word_1_202' title='bbox 1064 1759 1176 1792; x_wconf 60' lang='lat' dir='ltr'>mara.</span> <span class='ocrx_word' id='word_1_203' title='bbox 1204 1749 1258 1782; x_wconf 74' lang='lat' dir='ltr'>A:</span> <span class='ocrx_word' id='word_1_204' title='bbox 1286 1750 1349 1782; x_wconf 84' lang='lat' dir='ltr'>aut</span> <span class='ocrx_word' id='word_1_205' title='bbox 1375 1749 1471 1782; x_wconf 83' lang='lat' dir='ltr'>stitit</span> <span class='ocrx_word' id='word_1_206' title='bbox 1494 1749 1529 1782; x_wconf 90' lang='lat' dir='ltr'><strong><em>A</em></strong></span> 
     </span>
    </p>

    <p class='ocr_par' dir='ltr' id='par_1_9' title="bbox 194 1794 1533 2345">
     <span class='ocr_line' id='line_1_28' title="bbox 289 1794 1528 1841; baseline -0.002 -10"><span class='ocrx_word' id='word_1_207' title='bbox 289 1801 308 1831; x_wconf 87' lang='grc'>8</span> <span class='ocrx_word' id='word_1_208' title='bbox 336 1797 545 1831; x_wconf 69' lang='lat' dir='ltr'>consulatos</span> <span class='ocrx_word' id='word_1_209' title='bbox 566 1797 599 1830; x_wconf 84' lang='lat' dir='ltr'><strong><em>A</em></strong></span> <span class='ocrx_word' id='word_1_210' title='bbox 623 1797 626 1841; x_wconf 90' lang='grc' dir='ltr'>Ι</span> <span class='ocrx_word' id='word_1_211' title='bbox 649 1796 928 1840; x_wconf 74' lang='lat' dir='ltr'>triumphosque</span> <span class='ocrx_word' id='word_1_212' title='bbox 953 1795 1087 1829; x_wconf 66' lang='lat' dir='ltr'>eaecidz&#39;t</span> <span class='ocrx_word' id='word_1_213' title='bbox 1111 1795 1148 1828; x_wconf 79' lang='grc' dir='ltr'>-ἰη</span> <span class='ocrx_word' id='word_1_214' title='bbox 1176 1795 1226 1829; x_wconf 77' lang='lat' dir='ltr'>ed.</span> <span class='ocrx_word' id='word_1_215' title='bbox 1255 1794 1359 1829; x_wconf 74' lang='lat' dir='ltr'>Orell.</span> <span class='ocrx_word' id='word_1_216' title='bbox 1383 1795 1388 1840; x_wconf 91' lang='grc' dir='ltr'>Ι</span> <span class='ocrx_word' id='word_1_217' title='bbox 1411 1806 1528 1839; x_wconf 89' lang='lat' dir='ltr'>comp.</span> 
     </span>
     <span class='ocr_line' id='line_1_29' title="bbox 195 1842 1529 1886; baseline -0.002 -8"><span class='ocrx_word' id='word_1_218' title='bbox 195 1845 436 1878; x_wconf 83' lang='lat' dir='ltr'>eveherentur</span> <span class='ocrx_word' id='word_1_219' title='bbox 466 1843 706 1878; x_wconf 69' lang='lat' dir='ltr'>Vascosanus:</span> <span class='ocrx_word' id='word_1_220' title='bbox 734 1842 924 1886; x_wconf 77' lang='lat' dir='ltr'>complura</span> <span class='ocrx_word' id='word_1_221' title='bbox 943 1843 1199 1876; x_wconf 83' lang='lat' dir='ltr'>enumerentur</span> <span class='ocrx_word' id='word_1_222' title='bbox 1225 1842 1450 1886; x_wconf 75' lang='lat' dir='ltr'>(complurae</span> <span class='ocrx_word' id='word_1_223' title='bbox 1469 1853 1529 1876; x_wconf 88' lang='lat' dir='ltr'>nu.</span> 
     </span>
     <span class='ocr_line' id='line_1_30' title="bbox 195 1888 1530 1935; baseline -0.003 -9"><span class='ocrx_word' id='word_1_224' title='bbox 195 1893 244 1935; x_wconf 86' lang='lat' dir='ltr'>A)</span> <span class='ocrx_word' id='word_1_225' title='bbox 273 1891 371 1933; x_wconf 81' lang='lat' dir='ltr'>MA,</span> <span class='ocrx_word' id='word_1_226' title='bbox 403 1890 593 1934; x_wconf 83' lang='lat' dir='ltr'>complura</span> <span class='ocrx_word' id='word_1_227' title='bbox 624 1891 925 1923; x_wconf 75' lang='lat' dir='ltr'>enumerarentur</span> <span class='ocrx_word' id='word_1_228' title='bbox 953 1888 988 1922; x_wconf 89' lang='lat' dir='ltr'><strong><em>P</em></strong></span> <span class='ocrx_word' id='word_1_229' title='bbox 1108 1892 1149 1922; x_wconf 91' lang='lat'>10</span> <span class='ocrx_word' id='word_1_230' title='bbox 1181 1899 1297 1932; x_wconf 87' lang='lat' dir='ltr'>neque</span> <span class='ocrx_word' id='word_1_231' title='bbox 1325 1915 1332 1922; x_wconf 92' lang='lat'><strong>.</strong></span> <span class='ocrx_word' id='word_1_232' title='bbox 1360 1916 1366 1923; x_wconf 92' lang='lat'>.</span> <span class='ocrx_word' id='word_1_233' title='bbox 1395 1888 1530 1922; x_wconf 82' lang='lat' dir='ltr'>defecit</span> 
     </span>
     <span class='ocr_line' id='line_1_31' title="bbox 195 1935 1528 1979; baseline -0.003 -7"><span class='ocrx_word' id='word_1_234' title='bbox 195 1939 279 1979; x_wconf 74' lang='grc' dir='ltr'>ΑΙ),</span> <span class='ocrx_word' id='word_1_235' title='bbox 305 1938 400 1972; x_wconf 80' lang='lat' dir='ltr'>obelo</span> <span class='ocrx_word' id='word_1_236' title='bbox 426 1940 599 1971; x_wconf 69' lang='lat' dir='ltr'>mearunt</span> <span class='ocrx_word' id='word_1_237' title='bbox 626 1936 772 1970; x_wconf 70' lang='lat' dir='ltr'>Vossius</span> <span class='ocrx_word' id='word_1_238' title='bbox 791 1939 822 1970; x_wconf 80' lang='lat' dir='ltr'>et</span> <span class='ocrx_word' id='word_1_239' title='bbox 841 1935 1047 1978; x_wconf 78' lang='lat' dir='ltr'>Boeelerus‚</span> <span class='ocrx_word' id='word_1_240' title='bbox 1075 1936 1184 1978; x_wconf 83' lang='lat' dir='ltr'>atque</span> <span class='ocrx_word' id='word_1_241' title='bbox 1205 1935 1323 1978; x_wconf 84' lang='lat' dir='ltr'>impar</span> <span class='ocrx_word' id='word_1_242' title='bbox 1343 1935 1528 1979; x_wconf 81' lang='lat' dir='ltr'>capacitas</span> 
     </span>
     <span class='ocr_line' id='line_1_32' title="bbox 195 1980 1530 2027; baseline -0.002 -9"><span class='ocrx_word' id='word_1_243' title='bbox 195 1984 400 2019; x_wconf 81' lang='lat' dir='ltr'>ministeria</span> <span class='ocrx_word' id='word_1_244' title='bbox 426 1983 549 2018; x_wconf 84' lang='lat' dir='ltr'>deficit</span> <span class='ocrx_word' id='word_1_245' title='bbox 577 1983 748 2027; x_wconf 59' lang='lat' dir='ltr'>Iliadem,</span> <span class='ocrx_word' id='word_1_246' title='bbox 780 1992 898 2026; x_wconf 87' lang='lat' dir='ltr'>neque</span> <span class='ocrx_word' id='word_1_247' title='bbox 929 1982 966 2016; x_wconf 86' lang='lat' dir='ltr'>in</span> <span class='ocrx_word' id='word_1_248' title='bbox 996 1992 1111 2026; x_wconf 79' lang='lat' dir='ltr'>parva</span> <span class='ocrx_word' id='word_1_249' title='bbox 1136 1981 1302 2025; x_wconf 76' lang='lat' dir='ltr'>paucitas</span> <span class='ocrx_word' id='word_1_250' title='bbox 1334 1980 1530 2016; x_wconf 83' lang='lat' dir='ltr'>ministerii</span> 
     </span>
     <span class='ocr_line' id='line_1_33' title="bbox 196 2027 1528 2075; baseline -0.002 -10"><span class='ocrx_word' id='word_1_251' title='bbox 196 2031 331 2066; x_wconf 73' lang='lat' dir='ltr'>suflicit</span> <span class='ocrx_word' id='word_1_252' title='bbox 350 2031 541 2075; x_wconf 64' lang='lat' dir='ltr'>Kreyssz&#39;gyg</span> <span class='ocrx_word' id='word_1_253' title='bbox 563 2031 714 2065; x_wconf 76' lang='lat' dir='ltr'>aliorum</span> <span class='ocrx_word' id='word_1_254' title='bbox 736 2032 886 2064; x_wconf 79' lang='lat' dir='ltr'>conatus</span> <span class='ocrx_word' id='word_1_255' title='bbox 905 2040 934 2063; x_wconf 70' lang='lat' dir='ltr'>r.</span> <span class='ocrx_word' id='word_1_256' title='bbox 957 2029 1057 2071; x_wconf 75' lang='lat' dir='ltr'>apud</span> <span class='ocrx_word' id='word_1_257' title='bbox 1071 2028 1187 2063; x_wconf 68' lang='lat' dir='ltr'>Kritz.</span> <span class='ocrx_word' id='word_1_258' title='bbox 1252 2032 1290 2061; x_wconf 87' lang='lat'>11</span> <span class='ocrx_word' id='word_1_259' title='bbox 1315 2029 1367 2061; x_wconf 75' lang='lat' dir='ltr'>est</span> <span class='ocrx_word' id='word_1_260' title='bbox 1385 2027 1528 2062; x_wconf 73' lang='lat' dir='ltr'>Redenlt.</span> 
     </span>
     <span class='ocr_line' id='line_1_34' title="bbox 196 2075 1529 2123; baseline -0.004 -10"><span class='ocrx_word' id='word_1_261' title='bbox 196 2090 214 2112; x_wconf 93' lang='lat' dir='ltr'>e</span> <span class='ocrx_word' id='word_1_262' title='bbox 242 2081 321 2123; x_wconf 74' lang='lat' dir='ltr'>(pro</span> <span class='ocrx_word' id='word_1_263' title='bbox 347 2082 381 2121; x_wconf 74' lang='lat' dir='ltr'>e)</span> <span class='ocrx_word' id='word_1_264' title='bbox 407 2079 458 2119; x_wconf 81' lang='grc' dir='ltr'>Λ,</span> <span class='ocrx_word' id='word_1_265' title='bbox 486 2079 523 2111; x_wconf 88' lang='lat' dir='ltr'>et</span> <span class='ocrx_word' id='word_1_266' title='bbox 551 2077 594 2119; x_wconf 86' lang='lat' dir='ltr'>P,</span> <span class='ocrx_word' id='word_1_267' title='bbox 621 2078 675 2111; x_wconf 77' lang='lat' dir='ltr'>est</span> <span class='ocrx_word' id='word_1_268' title='bbox 701 2079 738 2110; x_wconf 81' lang='lat' dir='ltr'>et</span> <span class='ocrx_word' id='word_1_269' title='bbox 764 2075 932 2118; x_wconf 68' lang='lat' dir='ltr'>Gladius,</span> <span class='ocrx_word' id='word_1_270' title='bbox 959 2077 1013 2109; x_wconf 81' lang='lat' dir='ltr'>est</span> <span class='ocrx_word' id='word_1_271' title='bbox 1039 2075 1076 2108; x_wconf 84' lang='lat' dir='ltr'>id</span> <span class='ocrx_word' id='word_1_272' title='bbox 1101 2075 1294 2108; x_wconf 75' lang='lat' dir='ltr'>Bneretius</span> <span class='ocrx_word' id='word_1_273' title='bbox 1386 2079 1426 2109; x_wconf 81' lang='grc'>12</span> <span class='ocrx_word' id='word_1_274' title='bbox 1453 2086 1529 2109; x_wconf 89' lang='lat' dir='ltr'>mu—</span> 
     </span>
     <span class='ocr_line' id='line_1_35' title="bbox 194 2121 1436 2166; baseline -0.004 -7"><span class='ocrx_word' id='word_1_275' title='bbox 194 2125 272 2159; x_wconf 79' lang='lat' dir='ltr'>nire</span> <span class='ocrx_word' id='word_1_276' title='bbox 299 2125 374 2159; x_wconf 86' lang='grc' dir='ltr'>ΛΡ</span> <span class='ocrx_word' id='word_1_277' title='bbox 406 2127 410 2166; x_wconf 83' lang='grc'>1</span> <span class='ocrx_word' id='word_1_278' title='bbox 444 2123 498 2157; x_wconf 81' lang='lat' dir='ltr'>Ti.</span> <span class='ocrx_word' id='word_1_279' title='bbox 529 2124 577 2157; x_wconf 84' lang='lat' dir='ltr'>I’:</span> <span class='ocrx_word' id='word_1_280' title='bbox 604 2124 643 2158; x_wconf 89' lang='lat' dir='ltr'>T.</span> <span class='ocrx_word' id='word_1_281' title='bbox 671 2124 722 2166; x_wconf 81' lang='lat' dir='ltr'>A,</span> <span class='ocrx_word' id='word_1_282' title='bbox 748 2124 829 2157; x_wconf 71' lang='lat' dir='ltr'>item</span> <span class='ocrx_word' id='word_1_283' title='bbox 855 2133 882 2157; x_wconf 80' lang='lat' dir='ltr'>c.</span> <span class='ocrx_word' id='word_1_284' title='bbox 912 2125 995 2162; x_wconf 78' lang='lat'>129,</span> <span class='ocrx_word' id='word_1_285' title='bbox 1023 2125 1040 2155; x_wconf 89' lang='lat'>1</span> <span class='ocrx_word' id='word_1_286' title='bbox 1147 2125 1188 2154; x_wconf 87' lang='grc'>13</span> <span class='ocrx_word' id='word_1_287' title='bbox 1216 2121 1376 2164; x_wconf 75' lang='lat' dir='ltr'>equestri</span> <span class='ocrx_word' id='word_1_288' title='bbox 1402 2122 1436 2155; x_wconf 83' lang='lat' dir='ltr'><strong><em>A</em></strong></span> 
     </span>
     <span class='ocr_line' id='line_1_36' title="bbox 197 2167 1530 2215; baseline -0.003 -9"><span class='ocrx_word' id='word_1_289' title='bbox 197 2176 239 2205; x_wconf 79' lang='lat'>14</span> <span class='ocrx_word' id='word_1_290' title='bbox 265 2171 495 2215; x_wconf 81' lang='lat' dir='ltr'>uetereisque</span> <span class='ocrx_word' id='word_1_291' title='bbox 522 2172 555 2204; x_wconf 89' lang='lat' dir='ltr'>et</span> <span class='ocrx_word' id='word_1_292' title='bbox 583 2170 758 2214; x_wconf 75' lang='lat' dir='ltr'>insigneis</span> <span class='ocrx_word' id='word_1_293' title='bbox 786 2170 822 2203; x_wconf 90' lang='lat' dir='ltr'><em>P</em></span> <span class='ocrx_word' id='word_1_294' title='bbox 845 2170 929 2212; x_wconf 83' lang='lat' dir='ltr'>(non</span> <span class='ocrx_word' id='word_1_295' title='bbox 956 2170 1004 2211; x_wconf 82' lang='lat' dir='ltr'>A)</span> <span class='ocrx_word' id='word_1_296' title='bbox 1086 2171 1126 2201; x_wconf 80' lang='lat'>17</span> <span class='ocrx_word' id='word_1_297' title='bbox 1155 2167 1280 2211; x_wconf 69' lang='lat' dir='ltr'>uigore</span> <span class='ocrx_word' id='word_1_298' title='bbox 1307 2168 1419 2202; x_wconf 80' lang='lat' dir='ltr'>animi</span> <span class='ocrx_word' id='word_1_299' title='bbox 1446 2178 1530 2202; x_wconf 90' lang='lat' dir='ltr'>con-</span> 
     </span>
     <span class='ocr_line' id='line_1_37' title="bbox 194 2214 1528 2262; baseline 0 -13"><span class='ocrx_word' id='word_1_300' title='bbox 194 2229 288 2262; x_wconf 65' lang='lat' dir='ltr'>page</span> <span class='ocrx_word' id='word_1_301' title='bbox 316 2220 349 2252; x_wconf 84' lang='lat' dir='ltr'><strong><em>A</em></strong></span> <span class='ocrx_word' id='word_1_302' title='bbox 437 2222 478 2252; x_wconf 80' lang='lat'>18</span> <span class='ocrx_word' id='word_1_303' title='bbox 505 2228 657 2261; x_wconf 82' lang='lat' dir='ltr'>operum</span> <span class='ocrx_word' id='word_1_304' title='bbox 684 2217 858 2261; x_wconf 67' lang='lat' dir='ltr'>Kreyssiy</span> <span class='ocrx_word' id='word_1_305' title='bbox 944 2219 985 2249; x_wconf 85' lang='grc'>21</span> <span class='ocrx_word' id='word_1_306' title='bbox 1015 2225 1057 2249; x_wconf 86' lang='lat' dir='ltr'>eo</span> <span class='ocrx_word' id='word_1_307' title='bbox 1084 2214 1179 2257; x_wconf 87' lang='lat' dir='ltr'>quod</span> <span class='ocrx_word' id='word_1_308' title='bbox 1206 2216 1238 2248; x_wconf 75' lang='lat' dir='ltr'><em>A</em></span> <span class='ocrx_word' id='word_1_309' title='bbox 1266 2225 1354 2249; x_wconf 81' lang='lat' dir='ltr'>corr.</span> <span class='ocrx_word' id='word_1_310' title='bbox 1382 2225 1424 2249; x_wconf 76' lang='lat' dir='ltr'>ex</span> <span class='ocrx_word' id='word_1_311' title='bbox 1449 2225 1528 2259; x_wconf 88' lang='lat' dir='ltr'>eoq.</span> 
     </span>
     <span class='ocr_line' id='line_1_38' title="bbox 198 2261 1529 2309; baseline 0 -12"><span class='ocrx_word' id='word_1_312' title='bbox 198 2268 201 2307; x_wconf 69' lang='grc' dir='ltr'>Ι</span> <span class='ocrx_word' id='word_1_313' title='bbox 231 2276 445 2309; x_wconf 70' lang='lat' dir='ltr'>semperque.</span> <span class='ocrx_word' id='word_1_314' title='bbox 475 2265 572 2298; x_wconf 77' lang='lat' dir='ltr'>MA:</span> <span class='ocrx_word' id='word_1_315' title='bbox 601 2274 744 2308; x_wconf 84' lang='lat' dir='ltr'>semper</span> <span class='ocrx_word' id='word_1_316' title='bbox 771 2263 807 2296; x_wconf 84' lang='lat' dir='ltr'><em>P</em></span> <span class='ocrx_word' id='word_1_317' title='bbox 918 2265 961 2296; x_wconf 87' lang='grc'>22</span> <span class='ocrx_word' id='word_1_318' title='bbox 989 2272 1026 2295; x_wconf 72' lang='lat' dir='ltr'>se</span> <span class='ocrx_word' id='word_1_319' title='bbox 1052 2261 1263 2295; x_wconf 65' lang='lat' dir='ltr'>nwtientem</span> <span class='ocrx_word' id='word_1_320' title='bbox 1293 2262 1340 2295; x_wconf 88' lang='lat' dir='ltr'>P:</span> <span class='ocrx_word' id='word_1_321' title='bbox 1369 2261 1529 2298; x_wconf 85' lang='lat' dir='ltr'>sencien-</span> 
     </span>
     <span class='ocr_line' id='line_1_39' title="bbox 194 2307 1533 2345; baseline -0.002 0"><span class='ocrx_word' id='word_1_322' title='bbox 194 2313 269 2345; x_wconf 72' lang='lat' dir='ltr'>tem</span> <span class='ocrx_word' id='word_1_323' title='bbox 295 2313 330 2345; x_wconf 82' lang='grc' dir='ltr'><strong><em>Α</em></strong></span> <span class='ocrx_word' id='word_1_324' title='bbox 439 2314 481 2345; x_wconf 88' lang='grc'>23</span> <span class='ocrx_word' id='word_1_325' title='bbox 509 2321 552 2345; x_wconf 81' lang='lat' dir='ltr'>ex</span> <span class='ocrx_word' id='word_1_326' title='bbox 579 2320 723 2345; x_wconf 88' lang='lat' dir='ltr'>omnem</span> <span class='ocrx_word' id='word_1_327' title='bbox 750 2310 785 2344; x_wconf 84' lang='lat' dir='ltr'><strong><em>A</em></strong></span> <span class='ocrx_word' id='word_1_328' title='bbox 890 2312 934 2344; x_wconf 67' lang='lat'>‘24</span> <span class='ocrx_word' id='word_1_329' title='bbox 961 2308 1135 2342; x_wconf 84' lang='lat' dir='ltr'>uirtutem</span> <span class='ocrx_word' id='word_1_330' title='bbox 1163 2307 1457 2343; x_wconf 78' lang='lat' dir='ltr'>aestimationem</span> <span class='ocrx_word' id='word_1_331' title='bbox 1485 2308 1533 2342; x_wconf 90' lang='lat' dir='ltr'><strong><em>M</em></strong></span> 
     </span>
    </p>
   </div>
  </div>
 </body>
</html>
