<?xml version="1.0" encoding="UTF-8"?>
<!DOCTYPE html PUBLIC "-//W3C//DTD XHTML 1.0 Transitional//EN"
    "http://www.w3.org/TR/xhtml1/DTD/xhtml1-transitional.dtd">
<html xmlns="http://www.w3.org/1999/xhtml" xml:lang="en" lang="en">
 <head>
  <title>
</title>
<meta http-equiv="Content-Type" content="text/html;charset=utf-8" />
  <meta name='ocr-system' content='tesseract 3.04.00' />
  <meta name='ocr-capabilities' content='ocr_page ocr_carea ocr_par ocr_line ocrx_word'/>
</head>
<body>
  <div class='ocr_page' id='page_1' title='image "./exhistoriaeroman00velluoft_0112.png"; bbox 0 0 1635 2572; ppageno 0'>
   <div class='ocr_carea' id='block_1_1' title="bbox 168 142 849 183">
    <p class='ocr_par' dir='ltr' id='par_1_1' title="bbox 168 142 849 183">
     <span class='ocr_line' id='line_1_1' title="bbox 168 142 849 183; baseline -0.01 0"><span class='ocrx_word' id='word_1_1' title='bbox 168 142 252 183; x_wconf 83' lang='lat'>104</span> <span class='ocrx_word' id='word_1_2' title='bbox 816 143 849 176; x_wconf 85' lang='lat'>11</span> 
     </span>
    </p>
   </div>
   <div class='ocr_carea' id='block_1_2' title="bbox 122 249 1556 1874">
    <p class='ocr_par' dir='ltr' id='par_1_2' title="bbox 164 249 1503 419">
     <span class='ocr_line' id='line_1_2' title="bbox 165 249 1500 303; baseline 0 -13"><span class='ocrx_word' id='word_1_3' title='bbox 165 251 344 303; x_wconf 84' lang='lat' dir='ltr'>Romani,</span> <span class='ocrx_word' id='word_1_4' title='bbox 388 252 491 290; x_wconf 91' lang='lat' dir='ltr'>illinc</span> <span class='ocrx_word' id='word_1_5' title='bbox 531 250 766 289; x_wconf 81' lang='lat' dir='ltr'>Parthorum</span> <span class='ocrx_word' id='word_1_6' title='bbox 803 251 1016 301; x_wconf 83' lang='lat' dir='ltr'>exercitus,</span> <span class='ocrx_word' id='word_1_7' title='bbox 1061 261 1150 288; x_wconf 88' lang='lat' dir='ltr'>cum</span> <span class='ocrx_word' id='word_1_8' title='bbox 1193 249 1269 288; x_wconf 92' lang='lat' dir='ltr'>duo</span> <span class='ocrx_word' id='word_1_9' title='bbox 1314 252 1416 290; x_wconf 88' lang='lat' dir='ltr'>inter</span> <span class='ocrx_word' id='word_1_10' title='bbox 1460 263 1500 289; x_wconf 87' lang='lat' dir='ltr'>se</span> 
     </span>
     <span class='ocr_line' id='line_1_3' title="bbox 165 307 1502 360; baseline -0.001 -12"><span class='ocrx_word' id='word_1_11' title='bbox 165 312 471 348; x_wconf 86' lang='lat' dir='ltr'>eminentissima</span> <span class='ocrx_word' id='word_1_12' title='bbox 523 310 778 359; x_wconf 89' lang='lat' dir='ltr'>imperiorum</span> <span class='ocrx_word' id='word_1_13' title='bbox 829 313 867 346; x_wconf 87' lang='lat' dir='ltr'>et</span> <span class='ocrx_word' id='word_1_14' title='bbox 915 307 1116 347; x_wconf 87' lang='lat' dir='ltr'>hominum</span> <span class='ocrx_word' id='word_1_15' title='bbox 1166 309 1317 347; x_wconf 89' lang='lat' dir='ltr'>coirent</span> <span class='ocrx_word' id='word_1_16' title='bbox 1367 311 1502 360; x_wconf 87' lang='lat' dir='ltr'>capita,</span> 
     </span>
     <span class='ocr_line' id='line_1_4' title="bbox 164 365 1503 419; baseline -0.001 -13"><span class='ocrx_word' id='word_1_17' title='bbox 164 380 350 419; x_wconf 80' lang='lat' dir='ltr'><strong>perquam</strong></span> <span class='ocrx_word' id='word_1_18' title='bbox 396 367 543 406; x_wconf 88' lang='lat' dir='ltr'>clarum</span> <span class='ocrx_word' id='word_1_19' title='bbox 582 373 620 405; x_wconf 88' lang='lat' dir='ltr'>et</span> <span class='ocrx_word' id='word_1_20' title='bbox 661 365 910 405; x_wconf 76' lang='lat' dir='ltr'><strong>memorabile</strong></span> <span class='ocrx_word' id='word_1_21' title='bbox 955 366 1026 405; x_wconf 91' lang='lat' dir='ltr'>sub</span> <span class='ocrx_word' id='word_1_22' title='bbox 1073 367 1181 404; x_wconf 89' lang='lat' dir='ltr'>initia</span> <span class='ocrx_word' id='word_1_23' title='bbox 1220 366 1503 417; x_wconf 77' lang='lat' dir='ltr'>stipendiorum</span> 
     </span>
    </p>

    <p class='ocr_par' dir='ltr' id='par_1_3' title="bbox 123 424 1556 885">
     <span class='ocr_line' id='line_1_5' title="bbox 123 424 1501 475; baseline -0.001 -11"><span class='ocrx_word' id='word_1_24' title='bbox 123 434 142 464; x_wconf 91' lang='lat'><strong>3</strong></span> <span class='ocrx_word' id='word_1_25' title='bbox 165 438 340 464; x_wconf 87' lang='lat' dir='ltr'>meorum</span> <span class='ocrx_word' id='word_1_26' title='bbox 374 425 531 464; x_wconf 89' lang='lat' dir='ltr'>tribuno</span> <span class='ocrx_word' id='word_1_27' title='bbox 564 425 731 464; x_wconf 90' lang='lat' dir='ltr'>militum</span> <span class='ocrx_word' id='word_1_28' title='bbox 763 424 856 462; x_wconf 89' lang='lat' dir='ltr'>mihi</span> <span class='ocrx_word' id='word_1_29' title='bbox 888 426 1012 463; x_wconf 82' lang='lat' dir='ltr'>visere</span> <span class='ocrx_word' id='word_1_30' title='bbox 1045 426 1224 474; x_wconf 81' lang='lat' dir='ltr'>contigit:</span> <span class='ocrx_word' id='word_1_31' title='bbox 1257 436 1373 475; x_wconf 88' lang='lat' dir='ltr'>quem</span> <span class='ocrx_word' id='word_1_32' title='bbox 1405 424 1501 463; x_wconf 91' lang='lat' dir='ltr'>mili·</span> 
     </span>
     <span class='ocr_line' id='line_1_6' title="bbox 165 482 1537 534; baseline -0.001 -12"><span class='ocrx_word' id='word_1_33' title='bbox 165 486 239 522; x_wconf 90' lang='lat' dir='ltr'>tiae</span> <span class='ocrx_word' id='word_1_34' title='bbox 278 484 440 534; x_wconf 85' lang='lat' dir='ltr'>gradum</span> <span class='ocrx_word' id='word_1_35' title='bbox 479 490 567 522; x_wconf 91' lang='lat' dir='ltr'>ante</span> <span class='ocrx_word' id='word_1_36' title='bbox 607 483 679 522; x_wconf 91' lang='lat' dir='ltr'>sub</span> <span class='ocrx_word' id='word_1_37' title='bbox 717 489 826 534; x_wconf 90' lang='lat' dir='ltr'>patre</span> <span class='ocrx_word' id='word_1_38' title='bbox 866 488 951 533; x_wconf 75' lang='lat' dir='ltr'>tun,</span> <span class='ocrx_word' id='word_1_39' title='bbox 989 482 1036 521; x_wconf 89' lang='lat' dir='ltr'>M.</span> <span class='ocrx_word' id='word_1_40' title='bbox 1069 482 1210 533; x_wconf 77' lang='lat' dir='ltr'>Vinici,</span> <span class='ocrx_word' id='word_1_41' title='bbox 1251 490 1290 521; x_wconf 91' lang='lat' dir='ltr'>et</span> <span class='ocrx_word' id='word_1_42' title='bbox 1326 482 1366 521; x_wconf 91' lang='lat' dir='ltr'>P.</span> <span class='ocrx_word' id='word_1_43' title='bbox 1407 482 1537 521; x_wconf 74' lang='lat' dir='ltr'>Silius</span> 
     </span>
     <span class='ocr_line' id='line_1_7' title="bbox 164 540 1501 593; baseline -0.001 -13"><span class='ocrx_word' id='word_1_44' title='bbox 164 544 387 593; x_wconf 81' lang='lat' dir='ltr'>auspicatus</span> <span class='ocrx_word' id='word_1_45' title='bbox 419 544 459 580; x_wconf 93' lang='lat' dir='ltr'>in</span> <span class='ocrx_word' id='word_1_46' title='bbox 492 541 655 580; x_wconf 90' lang='lat' dir='ltr'>Thracia</span> <span class='ocrx_word' id='word_1_47' title='bbox 686 541 1005 593; x_wconf 77' lang='lat' dir='ltr'>Macedoniaque,</span> <span class='ocrx_word' id='word_1_48' title='bbox 1043 553 1131 579; x_wconf 80' lang='lat' dir='ltr'>mox</span> <span class='ocrx_word' id='word_1_49' title='bbox 1164 540 1303 579; x_wconf 81' lang='lat' dir='ltr'>Achaia</span> <span class='ocrx_word' id='word_1_50' title='bbox 1336 541 1501 591; x_wconf 80' lang='lat' dir='ltr'>Asiaque</span> 
     </span>
     <span class='ocr_line' id='line_1_8' title="bbox 165 598 1502 650; baseline -0.001 -11"><span class='ocrx_word' id='word_1_51' title='bbox 165 606 204 639; x_wconf 89' lang='lat' dir='ltr'>et</span> <span class='ocrx_word' id='word_1_52' title='bbox 247 600 427 639; x_wconf 90' lang='lat' dir='ltr'>omnibus</span> <span class='ocrx_word' id='word_1_53' title='bbox 472 600 518 639; x_wconf 90' lang='lat' dir='ltr'>ad</span> <span class='ocrx_word' id='word_1_54' title='bbox 560 599 761 639; x_wconf 77' lang='lat' dir='ltr'>Orientem</span> <span class='ocrx_word' id='word_1_55' title='bbox 806 601 896 637; x_wconf 83' lang='lat' dir='ltr'>visis</span> <span class='ocrx_word' id='word_1_56' title='bbox 939 600 1149 650; x_wconf 86' lang='lat' dir='ltr'>provinciis</span> <span class='ocrx_word' id='word_1_57' title='bbox 1194 605 1232 637; x_wconf 88' lang='lat' dir='ltr'>et</span> <span class='ocrx_word' id='word_1_58' title='bbox 1275 598 1342 637; x_wconf 81' lang='lat' dir='ltr'>ore</span> <span class='ocrx_word' id='word_1_59' title='bbox 1387 605 1502 649; x_wconf 87' lang='lat' dir='ltr'>atque</span> 
     </span>
     <span class='ocr_line' id='line_1_9' title="bbox 163 657 1502 710; baseline -0.001 -13"><span class='ocrx_word' id='word_1_60' title='bbox 163 664 332 710; x_wconf 90' lang='lat' dir='ltr'>utroque</span> <span class='ocrx_word' id='word_1_61' title='bbox 371 661 489 697; x_wconf 91' lang='lat' dir='ltr'>maris</span> <span class='ocrx_word' id='word_1_62' title='bbox 524 658 677 697; x_wconf 85' lang='lat' dir='ltr'>Pontici</span> <span class='ocrx_word' id='word_1_63' title='bbox 708 658 846 709; x_wconf 87' lang='lat' dir='ltr'>latere,</span> <span class='ocrx_word' id='word_1_64' title='bbox 878 657 980 696; x_wconf 90' lang='lat' dir='ltr'>haud</span> <span class='ocrx_word' id='word_1_65' title='bbox 1013 658 1223 696; x_wconf 87' lang='lat' dir='ltr'>iniucunda</span> <span class='ocrx_word' id='word_1_66' title='bbox 1262 663 1320 696; x_wconf 88' lang='lat' dir='ltr'>tot</span> <span class='ocrx_word' id='word_1_67' title='bbox 1357 669 1502 708; x_wconf 88' lang='lat' dir='ltr'>rerum,</span> 
     </span>
     <span class='ocr_line' id='line_1_10' title="bbox 163 715 1503 769; baseline -0.002 -13"><span class='ocrx_word' id='word_1_68' title='bbox 163 717 356 769; x_wconf 84' lang='lat' dir='ltr'>locorum,</span> <span class='ocrx_word' id='word_1_69' title='bbox 395 719 588 768; x_wconf 83' lang='lat' dir='ltr'>gentium,</span> <span class='ocrx_word' id='word_1_70' title='bbox 628 715 786 755; x_wconf 85' lang='lat' dir='ltr'>urbium</span> <span class='ocrx_word' id='word_1_71' title='bbox 824 716 1092 754; x_wconf 80' lang='lat' dir='ltr'>recordatione</span> <span class='ocrx_word' id='word_1_72' title='bbox 1134 716 1327 766; x_wconf 85' lang='lat' dir='ltr'>perfruor.</span> <span class='ocrx_word' id='word_1_73' title='bbox 1395 717 1503 766; x_wconf 93' lang='lat' dir='ltr'>prior</span> 
     </span>
     <span class='ocr_line' id='line_1_11' title="bbox 163 773 1556 827; baseline -0.002 -13"><span class='ocrx_word' id='word_1_74' title='bbox 163 774 330 814; x_wconf 87' lang='lat' dir='ltr'>Parthus</span> <span class='ocrx_word' id='word_1_75' title='bbox 369 776 469 827; x_wconf 89' lang='lat' dir='ltr'>apud</span> <span class='ocrx_word' id='word_1_76' title='bbox 508 775 646 814; x_wconf 91' lang='lat' dir='ltr'>Gaium</span> <span class='ocrx_word' id='word_1_77' title='bbox 683 776 721 813; x_wconf 93' lang='lat' dir='ltr'>in</span> <span class='ocrx_word' id='word_1_78' title='bbox 760 780 892 813; x_wconf 88' lang='lat' dir='ltr'>nostra</span> <span class='ocrx_word' id='word_1_79' title='bbox 930 776 1030 826; x_wconf 89' lang='lat' dir='ltr'>ripa,</span> <span class='ocrx_word' id='word_1_80' title='bbox 1068 776 1263 826; x_wconf 84' lang='lat' dir='ltr'>posterior</span> <span class='ocrx_word' id='word_1_81' title='bbox 1299 774 1362 812; x_wconf 86' lang='lat' dir='ltr'>hic</span> <span class='ocrx_word' id='word_1_82' title='bbox 1401 773 1501 824; x_wconf 84' lang='lat' dir='ltr'>apud</span> <span class='ocrx_word' id='word_1_83' title='bbox 1523 781 1556 806; x_wconf 84' lang='lat'>10</span> 
     </span>
     <span class='ocr_line' id='line_1_12' title="bbox 164 833 845 885; baseline -0.001 -13"><span class='ocrx_word' id='word_1_84' title='bbox 164 845 296 885; x_wconf 84' lang='lat' dir='ltr'>regem</span> <span class='ocrx_word' id='word_1_85' title='bbox 328 836 367 872; x_wconf 85' lang='lat' dir='ltr'>in</span> <span class='ocrx_word' id='word_1_86' title='bbox 400 834 531 873; x_wconf 87' lang='lat' dir='ltr'>hostili</span> <span class='ocrx_word' id='word_1_87' title='bbox 563 833 741 884; x_wconf 84' lang='lat' dir='ltr'>epulatus</span> <span class='ocrx_word' id='word_1_88' title='bbox 774 838 845 871; x_wconf 88' lang='lat' dir='ltr'>est.</span> 
     </span>
    </p>

    <p class='ocr_par' dir='ltr' id='par_1_4' title="bbox 123 889 1555 1291">
     <span class='ocr_line' id='line_1_13' title="bbox 123 889 1501 942; baseline -0.001 -13"><span class='ocrx_word' id='word_1_89' title='bbox 123 899 140 929; x_wconf 93' lang='lat'>1</span> <span class='ocrx_word' id='word_1_90' title='bbox 284 890 376 931; x_wconf 77' lang='lat'>102.</span> <span class='ocrx_word' id='word_1_91' title='bbox 440 892 525 938; x_wconf 88' lang='lat' dir='ltr'>Quo</span> <span class='ocrx_word' id='word_1_92' title='bbox 561 898 736 942; x_wconf 90' lang='lat' dir='ltr'>tempore</span> <span class='ocrx_word' id='word_1_93' title='bbox 769 891 816 929; x_wconf 83' lang='lat' dir='ltr'>M.</span> <span class='ocrx_word' id='word_1_94' title='bbox 849 890 977 942; x_wconf 87' lang='lat' dir='ltr'>Lollii,</span> <span class='ocrx_word' id='word_1_95' title='bbox 1016 902 1132 941; x_wconf 88' lang='lat' dir='ltr'>quem</span> <span class='ocrx_word' id='word_1_96' title='bbox 1170 890 1289 929; x_wconf 84' lang='lat' dir='ltr'>veluti</span> <span class='ocrx_word' id='word_1_97' title='bbox 1327 889 1501 928; x_wconf 88' lang='lat' dir='ltr'>modera-</span> 
     </span>
     <span class='ocr_line' id='line_1_14' title="bbox 162 948 1502 1000; baseline -0.002 -11"><span class='ocrx_word' id='word_1_98' title='bbox 162 956 289 989; x_wconf 88' lang='lat' dir='ltr'>torem</span> <span class='ocrx_word' id='word_1_99' title='bbox 321 952 498 989; x_wconf 76' lang='lat' dir='ltr'>iuventae</span> <span class='ocrx_word' id='word_1_100' title='bbox 531 950 599 988; x_wconf 83' lang='lat' dir='ltr'>filii</span> <span class='ocrx_word' id='word_1_101' title='bbox 631 952 691 988; x_wconf 91' lang='lat' dir='ltr'>sui</span> <span class='ocrx_word' id='word_1_102' title='bbox 717 950 917 1000; x_wconf 82' lang='lat' dir='ltr'>Augustus</span> <span class='ocrx_word' id='word_1_103' title='bbox 950 961 1034 987; x_wconf 88' lang='lat' dir='ltr'>esse</span> <span class='ocrx_word' id='word_1_104' title='bbox 1063 949 1253 999; x_wconf 75' lang='lat' dir='ltr'>voluerat,</span> <span class='ocrx_word' id='word_1_105' title='bbox 1285 948 1432 999; x_wconf 77' lang='lat' dir='ltr'>perlida</span> <span class='ocrx_word' id='word_1_106' title='bbox 1463 953 1502 986; x_wconf 89' lang='lat' dir='ltr'>et</span> 
     </span>
     <span class='ocr_line' id='line_1_15' title="bbox 162 1006 1500 1060; baseline -0.002 -13"><span class='ocrx_word' id='word_1_107' title='bbox 162 1008 275 1060; x_wconf 91' lang='lat' dir='ltr'>plena</span> <span class='ocrx_word' id='word_1_108' title='bbox 308 1009 460 1047; x_wconf 87' lang='lat' dir='ltr'>subdoli</span> <span class='ocrx_word' id='word_1_109' title='bbox 493 1021 536 1047; x_wconf 89' lang='lat' dir='ltr'>ac</span> <span class='ocrx_word' id='word_1_110' title='bbox 575 1010 722 1046; x_wconf 83' lang='lat' dir='ltr'>versuti</span> <span class='ocrx_word' id='word_1_111' title='bbox 754 1009 871 1046; x_wconf 89' lang='lat' dir='ltr'>animi</span> <span class='ocrx_word' id='word_1_112' title='bbox 903 1007 1080 1058; x_wconf 79' lang='lat' dir='ltr'>consilia,</span> <span class='ocrx_word' id='word_1_113' title='bbox 1117 1019 1187 1057; x_wconf 90' lang='lat' dir='ltr'>per</span> <span class='ocrx_word' id='word_1_114' title='bbox 1219 1006 1407 1045; x_wconf 86' lang='lat' dir='ltr'>Parthum</span> <span class='ocrx_word' id='word_1_115' title='bbox 1445 1008 1500 1044; x_wconf 93' lang='lat' dir='ltr'>in-</span> 
     </span>
     <span class='ocr_line' id='line_1_16' title="bbox 163 1065 1555 1118; baseline -0.002 -13"><span class='ocrx_word' id='word_1_116' title='bbox 163 1066 288 1105; x_wconf 89' lang='lat' dir='ltr'>dicata</span> <span class='ocrx_word' id='word_1_117' title='bbox 326 1066 498 1118; x_wconf 87' lang='lat' dir='ltr'>Caesari,</span> <span class='ocrx_word' id='word_1_118' title='bbox 543 1067 641 1104; x_wconf 85' lang='lat' dir='ltr'>sama</span> <span class='ocrx_word' id='word_1_119' title='bbox 680 1065 863 1115; x_wconf 77' lang='lat' dir='ltr'>vulgavit:</span> <span class='ocrx_word' id='word_1_120' title='bbox 908 1066 1019 1104; x_wconf 89' lang='lat' dir='ltr'>cuius</span> <span class='ocrx_word' id='word_1_121' title='bbox 1066 1076 1172 1103; x_wconf 89' lang='lat' dir='ltr'>mors</span> <span class='ocrx_word' id='word_1_122' title='bbox 1212 1066 1313 1103; x_wconf 92' lang='lat' dir='ltr'>intra</span> <span class='ocrx_word' id='word_1_123' title='bbox 1356 1076 1501 1115; x_wconf 91' lang='lat' dir='ltr'>paucos</span> <span class='ocrx_word' id='word_1_124' title='bbox 1523 1072 1555 1097; x_wconf 85' lang='lat'>15</span> 
     </span>
     <span class='ocr_line' id='line_1_17' title="bbox 163 1122 1502 1173; baseline -0.002 -10"><span class='ocrx_word' id='word_1_125' title='bbox 163 1125 246 1163; x_wconf 91' lang='lat' dir='ltr'>dies</span> <span class='ocrx_word' id='word_1_126' title='bbox 277 1131 416 1164; x_wconf 79' lang='lat' dir='ltr'>secuta</span> <span class='ocrx_word' id='word_1_127' title='bbox 444 1125 603 1163; x_wconf 82' lang='lat' dir='ltr'>fortuita</span> <span class='ocrx_word' id='word_1_128' title='bbox 635 1136 682 1162; x_wconf 89' lang='lat' dir='ltr'>an</span> <span class='ocrx_word' id='word_1_129' title='bbox 709 1123 923 1162; x_wconf 83' lang='lat' dir='ltr'>voluntaria</span> <span class='ocrx_word' id='word_1_130' title='bbox 955 1123 1075 1162; x_wconf 83' lang='lat' dir='ltr'>suerit</span> <span class='ocrx_word' id='word_1_131' title='bbox 1100 1124 1246 1173; x_wconf 87' lang='lat' dir='ltr'>ignoro.</span> <span class='ocrx_word' id='word_1_132' title='bbox 1292 1122 1360 1161; x_wconf 90' lang='lat' dir='ltr'>sed</span> <span class='ocrx_word' id='word_1_133' title='bbox 1387 1133 1502 1173; x_wconf 84' lang='lat' dir='ltr'>quam</span> 
     </span>
     <span class='ocr_line' id='line_1_18' title="bbox 163 1180 1501 1234; baseline -0.002 -12"><span class='ocrx_word' id='word_1_134' title='bbox 163 1183 268 1222; x_wconf 87' lang='lat' dir='ltr'>hunc</span> <span class='ocrx_word' id='word_1_135' title='bbox 307 1183 523 1222; x_wconf 84' lang='lat' dir='ltr'>decessisse</span> <span class='ocrx_word' id='word_1_136' title='bbox 562 1183 692 1221; x_wconf 88' lang='lat' dir='ltr'>laetati</span> <span class='ocrx_word' id='word_1_137' title='bbox 731 1182 925 1234; x_wconf 84' lang='lat' dir='ltr'>homines,</span> <span class='ocrx_word' id='word_1_138' title='bbox 967 1186 1044 1219; x_wconf 89' lang='lat' dir='ltr'>tam</span> <span class='ocrx_word' id='word_1_139' title='bbox 1081 1181 1195 1232; x_wconf 88' lang='lat' dir='ltr'>paulo</span> <span class='ocrx_word' id='word_1_140' title='bbox 1232 1187 1321 1232; x_wconf 88' lang='lat' dir='ltr'>post</span> <span class='ocrx_word' id='word_1_141' title='bbox 1359 1180 1501 1219; x_wconf 89' lang='lat' dir='ltr'>obiisse</span> 
     </span>
     <span class='ocr_line' id='line_1_19' title="bbox 165 1238 1500 1291; baseline -0.002 -11"><span class='ocrx_word' id='word_1_142' title='bbox 165 1241 423 1280; x_wconf 88' lang='lat' dir='ltr'>Censorinum</span> <span class='ocrx_word' id='word_1_143' title='bbox 455 1243 494 1280; x_wconf 91' lang='lat' dir='ltr'>in</span> <span class='ocrx_word' id='word_1_144' title='bbox 527 1241 665 1279; x_wconf 85' lang='lat' dir='ltr'>iisdem</span> <span class='ocrx_word' id='word_1_145' title='bbox 697 1241 908 1291; x_wconf 83' lang='lat' dir='ltr'>provinciis</span> <span class='ocrx_word' id='word_1_146' title='bbox 939 1241 1107 1290; x_wconf 85' lang='lat' dir='ltr'>graviter</span> <span class='ocrx_word' id='word_1_147' title='bbox 1139 1238 1227 1277; x_wconf 86' lang='lat' dir='ltr'>tulit</span> <span class='ocrx_word' id='word_1_148' title='bbox 1259 1240 1410 1291; x_wconf 84' lang='lat' dir='ltr'>civitas,</span> <span class='ocrx_word' id='word_1_149' title='bbox 1447 1240 1500 1277; x_wconf 83' lang='lat' dir='ltr'>vi-</span> 
     </span>
    </p>

    <p class='ocr_par' dir='ltr' id='par_1_5' title="bbox 122 1297 1555 1584">
     <span class='ocr_line' id='line_1_20' title="bbox 122 1297 1500 1349; baseline -0.002 -11"><span class='ocrx_word' id='word_1_150' title='bbox 122 1306 252 1338; x_wconf 77' lang='lat' dir='ltr'>21·um</span> <span class='ocrx_word' id='word_1_151' title='bbox 289 1299 536 1338; x_wconf 89' lang='lat' dir='ltr'>demerendis</span> <span class='ocrx_word' id='word_1_152' title='bbox 579 1298 802 1337; x_wconf 89' lang='lat' dir='ltr'>hominibus</span> <span class='ocrx_word' id='word_1_153' title='bbox 843 1299 1027 1349; x_wconf 81' lang='lat' dir='ltr'>genitum.</span> <span class='ocrx_word' id='word_1_154' title='bbox 1095 1297 1317 1335; x_wconf 83' lang='lat' dir='ltr'>Armeniam</span> <span class='ocrx_word' id='word_1_155' title='bbox 1361 1297 1500 1335; x_wconf 90' lang='lat' dir='ltr'>deinde</span> 
     </span>
     <span class='ocr_line' id='line_1_21' title="bbox 167 1357 1555 1409; baseline -0.002 -13"><span class='ocrx_word' id='word_1_156' title='bbox 167 1359 290 1397; x_wconf 77' lang='lat' dir='ltr'>Gaius</span> <span class='ocrx_word' id='word_1_157' title='bbox 316 1359 516 1409; x_wconf 87' lang='lat' dir='ltr'>ingressus</span> <span class='ocrx_word' id='word_1_158' title='bbox 542 1359 667 1408; x_wconf 85' lang='lat' dir='ltr'>prima</span> <span class='ocrx_word' id='word_1_159' title='bbox 692 1362 801 1408; x_wconf 88' lang='lat' dir='ltr'>parte</span> <span class='ocrx_word' id='word_1_160' title='bbox 828 1358 1012 1395; x_wconf 85' lang='lat' dir='ltr'>introitus</span> <span class='ocrx_word' id='word_1_161' title='bbox 1038 1367 1226 1407; x_wconf 84' lang='lat' dir='ltr'>prospere</span> <span class='ocrx_word' id='word_1_162' title='bbox 1253 1367 1336 1395; x_wconf 85' lang='lat' dir='ltr'>rem</span> <span class='ocrx_word' id='word_1_163' title='bbox 1362 1357 1500 1407; x_wconf 88' lang='lat' dir='ltr'>gessit;</span> <span class='ocrx_word' id='word_1_164' title='bbox 1521 1364 1555 1389; x_wconf 80' lang='lat'>20</span> 
     </span>
     <span class='ocr_line' id='line_1_22' title="bbox 163 1414 1500 1467; baseline -0.001 -13"><span class='ocrx_word' id='word_1_165' title='bbox 163 1428 251 1455; x_wconf 86' lang='lat' dir='ltr'>mox</span> <span class='ocrx_word' id='word_1_166' title='bbox 289 1418 328 1454; x_wconf 88' lang='lat' dir='ltr'>in</span> <span class='ocrx_word' id='word_1_167' title='bbox 367 1416 591 1467; x_wconf 85' lang='lat' dir='ltr'>conloquio,</span> <span class='ocrx_word' id='word_1_168' title='bbox 630 1416 694 1453; x_wconf 86' lang='lat' dir='ltr'>cui</span> <span class='ocrx_word' id='word_1_169' title='bbox 726 1427 767 1453; x_wconf 91' lang='lat' dir='ltr'>se</span> <span class='ocrx_word' id='word_1_170' title='bbox 800 1421 947 1453; x_wconf 89' lang='lat' dir='ltr'>temere</span> <span class='ocrx_word' id='word_1_171' title='bbox 985 1414 1220 1465; x_wconf 84' lang='lat' dir='ltr'>crediderat,</span> <span class='ocrx_word' id='word_1_172' title='bbox 1258 1415 1361 1453; x_wconf 86' lang='lat' dir='ltr'>circa</span> <span class='ocrx_word' id='word_1_173' title='bbox 1392 1414 1500 1452; x_wconf 86' lang='lat' dir='ltr'>Arta-</span> 
     </span>
     <span class='ocr_line' id='line_1_23' title="bbox 163 1471 1500 1526; baseline -0.002 -13"><span class='ocrx_word' id='word_1_174' title='bbox 163 1486 293 1526; x_wconf 80' lang='lat' dir='ltr'>geram</span> <span class='ocrx_word' id='word_1_175' title='bbox 326 1476 495 1525; x_wconf 83' lang='lat' dir='ltr'>graviter</span> <span class='ocrx_word' id='word_1_176' title='bbox 527 1486 547 1512; x_wconf 87' lang='lat' dir='ltr'>a</span> <span class='ocrx_word' id='word_1_177' title='bbox 580 1472 763 1524; x_wconf 87' lang='lat' dir='ltr'>quodam,</span> <span class='ocrx_word' id='word_1_178' title='bbox 796 1474 951 1511; x_wconf 89' lang='lat' dir='ltr'>nomine</span> <span class='ocrx_word' id='word_1_179' title='bbox 984 1472 1137 1524; x_wconf 77' lang='lat' dir='ltr'>Adduo,</span> <span class='ocrx_word' id='word_1_180' title='bbox 1170 1471 1411 1524; x_wconf 82' lang='lat' dir='ltr'>vulneratus,</span> <span class='ocrx_word' id='word_1_181' title='bbox 1452 1483 1500 1510; x_wconf 78' lang='lat' dir='ltr'>ex</span> 
     </span>
     <span class='ocr_line' id='line_1_24' title="bbox 164 1530 1500 1584; baseline -0.003 -13"><span class='ocrx_word' id='word_1_182' title='bbox 164 1545 209 1572; x_wconf 90' lang='lat' dir='ltr'>eo</span> <span class='ocrx_word' id='word_1_183' title='bbox 242 1539 285 1571; x_wconf 91' lang='lat' dir='ltr'>ut</span> <span class='ocrx_word' id='word_1_184' title='bbox 317 1544 460 1584; x_wconf 87' lang='lat' dir='ltr'>corpus</span> <span class='ocrx_word' id='word_1_185' title='bbox 492 1533 620 1571; x_wconf 89' lang='lat' dir='ltr'>minus</span> <span class='ocrx_word' id='word_1_186' title='bbox 651 1531 796 1584; x_wconf 87' lang='lat' dir='ltr'>habile,</span> <span class='ocrx_word' id='word_1_187' title='bbox 828 1533 880 1570; x_wconf 88' lang='lat' dir='ltr'>ita</span> <span class='ocrx_word' id='word_1_188' title='bbox 913 1533 1083 1569; x_wconf 85' lang='lat' dir='ltr'>animum</span> <span class='ocrx_word' id='word_1_189' title='bbox 1116 1531 1243 1569; x_wconf 89' lang='lat' dir='ltr'>minus</span> <span class='ocrx_word' id='word_1_190' title='bbox 1276 1530 1409 1569; x_wconf 90' lang='lat' dir='ltr'>utilem</span> <span class='ocrx_word' id='word_1_191' title='bbox 1443 1531 1500 1568; x_wconf 90' lang='lat' dir='ltr'>rei</span> 
     </span>
    </p>

    <p class='ocr_par' dir='ltr' id='par_1_6' title="bbox 122 1588 1553 1874">
     <span class='ocr_line' id='line_1_25' title="bbox 122 1588 1498 1642; baseline -0.002 -14"><span class='ocrx_word' id='word_1_192' title='bbox 122 1599 141 1628; x_wconf 90' lang='lat'>3</span> <span class='ocrx_word' id='word_1_193' title='bbox 162 1590 338 1642; x_wconf 89' lang='lat' dir='ltr'>publicae</span> <span class='ocrx_word' id='word_1_194' title='bbox 372 1590 515 1629; x_wconf 87' lang='lat' dir='ltr'>habere</span> <span class='ocrx_word' id='word_1_195' title='bbox 548 1592 687 1641; x_wconf 87' lang='lat' dir='ltr'>coepit.</span> <span class='ocrx_word' id='word_1_196' title='bbox 749 1602 820 1628; x_wconf 87' lang='lat' dir='ltr'>nec</span> <span class='ocrx_word' id='word_1_197' title='bbox 859 1589 983 1628; x_wconf 82' lang='lat' dir='ltr'>defuit</span> <span class='ocrx_word' id='word_1_198' title='bbox 1020 1590 1261 1627; x_wconf 84' lang='lat' dir='ltr'>conversatio</span> <span class='ocrx_word' id='word_1_199' title='bbox 1298 1588 1498 1626; x_wconf 88' lang='lat' dir='ltr'>hominum</span> 
     </span>
     <span class='ocr_line' id='line_1_26' title="bbox 163 1643 1553 1699; baseline -0.004 -11"><span class='ocrx_word' id='word_1_200' title='bbox 163 1651 253 1688; x_wconf 79' lang='lat' dir='ltr'>vitia</span> <span class='ocrx_word' id='word_1_201' title='bbox 292 1651 375 1688; x_wconf 90' lang='lat' dir='ltr'>eius</span> <span class='ocrx_word' id='word_1_202' title='bbox 417 1649 683 1687; x_wconf 85' lang='lat' dir='ltr'>adsentatione</span> <span class='ocrx_word' id='word_1_203' title='bbox 721 1648 906 1686; x_wconf 91' lang='lat' dir='ltr'>alentium</span> <span class='ocrx_word' id='word_1_204' title='bbox 945 1643 1109 1699; x_wconf 85' lang='lat' dir='ltr'>(etenim</span> <span class='ocrx_word' id='word_1_205' title='bbox 1148 1658 1302 1697; x_wconf 87' lang='lat' dir='ltr'>semper</span> <span class='ocrx_word' id='word_1_206' title='bbox 1340 1657 1497 1697; x_wconf 88' lang='lat' dir='ltr'>magnae</span> <span class='ocrx_word' id='word_1_207' title='bbox 1520 1653 1553 1680; x_wconf 78' lang='lat'>25</span> 
     </span>
     <span class='ocr_line' id='line_1_27' title="bbox 164 1703 1501 1759; baseline -0.003 -13"><span class='ocrx_word' id='word_1_208' title='bbox 164 1708 342 1746; x_wconf 82' lang='lat' dir='ltr'>fortunae</span> <span class='ocrx_word' id='word_1_209' title='bbox 375 1719 505 1746; x_wconf 85' lang='lat' dir='ltr'>comes</span> <span class='ocrx_word' id='word_1_210' title='bbox 537 1707 646 1745; x_wconf 89' lang='lat' dir='ltr'>adest</span> <span class='ocrx_word' id='word_1_211' title='bbox 677 1703 884 1759; x_wconf 86' lang='lat' dir='ltr'>adulatio),</span> <span class='ocrx_word' id='word_1_212' title='bbox 922 1717 992 1756; x_wconf 89' lang='lat' dir='ltr'>per</span> <span class='ocrx_word' id='word_1_213' title='bbox 1024 1717 1121 1756; x_wconf 90' lang='lat' dir='ltr'>quae.</span> <span class='ocrx_word' id='word_1_214' title='bbox 1155 1717 1200 1743; x_wconf 91' lang='lat' dir='ltr'>eo</span> <span class='ocrx_word' id='word_1_215' title='bbox 1233 1704 1374 1743; x_wconf 90' lang='lat' dir='ltr'>ductus</span> <span class='ocrx_word' id='word_1_216' title='bbox 1406 1710 1501 1756; x_wconf 86' lang='lat' dir='ltr'>erat,</span> 
     </span>
     <span class='ocr_line' id='line_1_28' title="bbox 163 1762 1499 1814; baseline -0.002 -10"><span class='ocrx_word' id='word_1_217' title='bbox 163 1771 207 1804; x_wconf 89' lang='lat' dir='ltr'>ut</span> <span class='ocrx_word' id='word_1_218' title='bbox 238 1767 276 1803; x_wconf 93' lang='lat' dir='ltr'>in</span> <span class='ocrx_word' id='word_1_219' title='bbox 309 1765 444 1804; x_wconf 88' lang='lat' dir='ltr'>ultimo</span> <span class='ocrx_word' id='word_1_220' title='bbox 484 1777 528 1803; x_wconf 88' lang='lat' dir='ltr'>ac</span> <span class='ocrx_word' id='word_1_221' title='bbox 566 1766 827 1804; x_wconf 91' lang='lat' dir='ltr'>remotissimo</span> <span class='ocrx_word' id='word_1_222' title='bbox 865 1770 1059 1802; x_wconf 87' lang='lat' dir='ltr'>terrarum</span> <span class='ocrx_word' id='word_1_223' title='bbox 1092 1763 1197 1801; x_wconf 87' lang='lat' dir='ltr'>orbis</span> <span class='ocrx_word' id='word_1_224' title='bbox 1229 1762 1368 1814; x_wconf 84' lang='lat' dir='ltr'>angulo</span> <span class='ocrx_word' id='word_1_225' title='bbox 1409 1774 1499 1801; x_wconf 87' lang='lat' dir='ltr'>con·</span> 
     </span>
     <span class='ocr_line' id='line_1_29' title="bbox 164 1820 1500 1874; baseline -0.002 -12"><span class='ocrx_word' id='word_1_226' title='bbox 164 1835 369 1862; x_wconf 85' lang='lat' dir='ltr'>senescere</span> <span class='ocrx_word' id='word_1_227' title='bbox 404 1835 518 1874; x_wconf 84' lang='lat' dir='ltr'>quam</span> <span class='ocrx_word' id='word_1_228' title='bbox 550 1822 712 1862; x_wconf 87' lang='lat' dir='ltr'>Romam</span> <span class='ocrx_word' id='word_1_229' title='bbox 743 1822 898 1874; x_wconf 84' lang='lat' dir='ltr'>regredi</span> <span class='ocrx_word' id='word_1_230' title='bbox 929 1821 1069 1860; x_wconf 89' lang='lat' dir='ltr'>mallet.</span> <span class='ocrx_word' id='word_1_231' title='bbox 1113 1820 1253 1860; x_wconf 91' lang='lat' dir='ltr'>deinde</span> <span class='ocrx_word' id='word_1_232' title='bbox 1286 1821 1500 1860; x_wconf 88' lang='lat' dir='ltr'>reluctatus</span> 
     </span>
    </p>
   </div>
   <div class='ocr_carea' id='block_1_3' title="bbox 161 1967 1510 2336">
    <p class='ocr_par' dir='ltr' id='par_1_7' title="bbox 161 1967 1510 2336">
     <span class='ocr_line' id='line_1_30' title="bbox 258 1967 1500 2014; baseline -0.004 -9"><span class='ocrx_word' id='word_1_233' title='bbox 258 1975 277 2005; x_wconf 85' lang='lat'>5</span> <span class='ocrx_word' id='word_1_234' title='bbox 303 1971 351 2005; x_wconf 88' lang='lat' dir='ltr'>M.</span> <span class='ocrx_word' id='word_1_235' title='bbox 378 1971 515 2014; x_wconf 74' lang='lat' dir='ltr'>Vinici]</span> <span class='ocrx_word' id='word_1_236' title='bbox 551 1971 685 2014; x_wconf 54' lang='lat' dir='ltr'>‘Exest</span> <span class='ocrx_word' id='word_1_237' title='bbox 720 1973 845 2005; x_wconf 75' lang='lat' dir='ltr'>uetust.</span> <span class='ocrx_word' id='word_1_238' title='bbox 879 1970 930 2005; x_wconf 84' lang='lat' dir='ltr'>sic</span> <span class='ocrx_word' id='word_1_239' title='bbox 954 1969 1071 2011; x_wconf 80' lang='lat' dir='ltr'>habet,</span> <span class='ocrx_word' id='word_1_240' title='bbox 1105 1971 1145 2003; x_wconf 82' lang='lat' dir='ltr'>ut</span> <span class='ocrx_word' id='word_1_241' title='bbox 1165 1968 1291 2012; x_wconf 75' lang='lat' dir='ltr'>potius</span> <span class='ocrx_word' id='word_1_242' title='bbox 1316 1967 1500 2011; x_wconf 72' lang='lat' dir='ltr'>leyendum</span> 
     </span>
     <span class='ocr_line' id='line_1_31' title="bbox 166 2013 1498 2061; baseline -0.004 -9"><span class='ocrx_word' id='word_1_243' title='bbox 166 2018 375 2061; x_wconf 63' lang='lat' dir='ltr'>aristimem,</span> <span class='ocrx_word' id='word_1_244' title='bbox 402 2017 448 2052; x_wconf 89' lang='lat' dir='ltr'>M.</span> <span class='ocrx_word' id='word_1_245' title='bbox 476 2017 635 2051; x_wconf 82' lang='lat' dir='ltr'>Vinicio’</span> <span class='ocrx_word' id='word_1_246' title='bbox 663 2017 784 2051; x_wconf 65' lang='lat' dir='ltr'>Burei·</span> <span class='ocrx_word' id='word_1_247' title='bbox 871 2020 912 2051; x_wconf 92' lang='lat'>10</span> <span class='ocrx_word' id='word_1_248' title='bbox 939 2016 1065 2051; x_wconf 86' lang='lat' dir='ltr'>Caium</span> <span class='ocrx_word' id='word_1_249' title='bbox 1094 2015 1130 2049; x_wconf 93' lang='lat' dir='ltr'><strong><em>P</em></strong></span> <span class='ocrx_word' id='word_1_250' title='bbox 1225 2017 1266 2048; x_wconf 90' lang='lat'>13</span> <span class='ocrx_word' id='word_1_251' title='bbox 1292 2013 1446 2057; x_wconf 80' lang='lat' dir='ltr'>perfidia</span> <span class='ocrx_word' id='word_1_252' title='bbox 1464 2014 1498 2048; x_wconf 99' lang='lat' dir='ltr'><strong><em>A</em></strong></span> 
     </span>
     <span class='ocr_line' id='line_1_32' title="bbox 235 2060 1502 2109; baseline -0.005 -10"><span class='ocrx_word' id='word_1_253' title='bbox 235 2069 276 2099; x_wconf 82' lang='lat'>15</span> <span class='ocrx_word' id='word_1_254' title='bbox 298 2064 445 2098; x_wconf 78' lang='lat' dir='ltr'>Caesari</span> <span class='ocrx_word' id='word_1_255' title='bbox 464 2064 564 2098; x_wconf 74' lang='lat' dir='ltr'>fama</span> <span class='ocrx_word' id='word_1_256' title='bbox 583 2064 750 2109; x_wconf 77' lang='lat' dir='ltr'>volgavit</span> <span class='ocrx_word' id='word_1_257' title='bbox 762 2063 927 2107; x_wconf 71' lang='lat' dir='ltr'>Lipsius:</span> <span class='ocrx_word' id='word_1_258' title='bbox 949 2061 1112 2096; x_wconf 82' lang='lat' dir='ltr'>Caesaris</span> <span class='ocrx_word' id='word_1_259' title='bbox 1132 2061 1206 2095; x_wconf 83' lang='lat' dir='ltr'>iam</span> <span class='ocrx_word' id='word_1_260' title='bbox 1221 2060 1414 2103; x_wconf 66' lang='lat' dir='ltr'>auulgauit</span> <span class='ocrx_word' id='word_1_261' title='bbox 1427 2060 1502 2094; x_wconf 83' lang='grc' dir='ltr'>ΑΡ</span> 
     </span>
     <span class='ocr_line' id='line_1_33' title="bbox 234 2107 1497 2154; baseline -0.005 -8"><span class='ocrx_word' id='word_1_262' title='bbox 234 2115 277 2146; x_wconf 88' lang='grc'>16</span> <span class='ocrx_word' id='word_1_263' title='bbox 297 2113 423 2146; x_wconf 77' lang='lat' dir='ltr'>secuta</span> <span class='ocrx_word' id='word_1_264' title='bbox 442 2111 650 2145; x_wconf 74' lang='lat' dir='ltr'>addidimus</span> <span class='ocrx_word' id='word_1_265' title='bbox 672 2113 676 2153; x_wconf 81' lang='grc' dir='ltr'>Ι</span> <span class='ocrx_word' id='word_1_266' title='bbox 699 2111 828 2154; x_wconf 81' lang='lat' dir='ltr'>ignoro</span> <span class='ocrx_word' id='word_1_267' title='bbox 856 2110 905 2143; x_wconf 89' lang='lat' dir='ltr'>P:</span> <span class='ocrx_word' id='word_1_268' title='bbox 932 2109 1076 2153; x_wconf 84' lang='lat' dir='ltr'>dignior</span> <span class='ocrx_word' id='word_1_269' title='bbox 1101 2109 1134 2141; x_wconf 87' lang='lat' dir='ltr'><strong><em>A</em></strong></span> <span class='ocrx_word' id='word_1_270' title='bbox 1225 2110 1266 2141; x_wconf 81' lang='lat'>17</span> <span class='ocrx_word' id='word_1_271' title='bbox 1293 2107 1426 2141; x_wconf 86' lang='lat' dir='ltr'>obiisse</span> <span class='ocrx_word' id='word_1_272' title='bbox 1446 2107 1497 2140; x_wconf 86' lang='lat' dir='ltr'>A:</span> 
     </span>
     <span class='ocr_line' id='line_1_34' title="bbox 163 2153 1499 2202; baseline -0.004 -10"><span class='ocrx_word' id='word_1_273' title='bbox 163 2157 282 2192; x_wconf 85' lang='lat' dir='ltr'>odisse</span> <span class='ocrx_word' id='word_1_274' title='bbox 306 2158 341 2192; x_wconf 78' lang='grc' dir='ltr'>Ι)</span> <span class='ocrx_word' id='word_1_275' title='bbox 359 2159 411 2202; x_wconf 79' lang='lat' dir='ltr'>(in</span> <span class='ocrx_word' id='word_1_276' title='bbox 431 2168 497 2201; x_wconf 70' lang='lat' dir='ltr'>my.</span> <span class='ocrx_word' id='word_1_277' title='bbox 515 2157 648 2200; x_wconf 87' lang='lat' dir='ltr'>obisse)</span> <span class='ocrx_word' id='word_1_278' title='bbox 698 2161 742 2191; x_wconf 89' lang='grc'>20</span> <span class='ocrx_word' id='word_1_279' title='bbox 757 2156 869 2191; x_wconf 84' lang='lat' dir='ltr'>Gaius</span> <span class='ocrx_word' id='word_1_280' title='bbox 889 2156 971 2190; x_wconf 77' lang='lat' dir='ltr'>add.</span> <span class='ocrx_word' id='word_1_281' title='bbox 992 2155 1137 2188; x_wconf 73' lang='lat' dir='ltr'>Krause</span> <span class='ocrx_word' id='word_1_282' title='bbox 1158 2155 1163 2195; x_wconf 89' lang='grc' dir='ltr'>Ι</span> <span class='ocrx_word' id='word_1_283' title='bbox 1186 2164 1261 2187; x_wconf 86' lang='lat' dir='ltr'>rem</span> <span class='ocrx_word' id='word_1_284' title='bbox 1283 2154 1365 2188; x_wconf 78' lang='lat' dir='ltr'>add.</span> <span class='ocrx_word' id='word_1_285' title='bbox 1384 2153 1499 2187; x_wconf 81' lang='lat' dir='ltr'>Hein-</span> 
     </span>
     <span class='ocr_line' id='line_1_35' title="bbox 161 2200 1500 2248; baseline -0.003 -11"><span class='ocrx_word' id='word_1_286' title='bbox 161 2205 237 2238; x_wconf 80' lang='lat' dir='ltr'>sius</span> <span class='ocrx_word' id='word_1_287' title='bbox 327 2208 369 2239; x_wconf 83' lang='lat'>21</span> <span class='ocrx_word' id='word_1_288' title='bbox 398 2204 635 2248; x_wconf 86' lang='lat' dir='ltr'>conloquium</span> <span class='ocrx_word' id='word_1_289' title='bbox 667 2203 764 2247; x_wconf 85' lang='lat' dir='ltr'>(coll.</span> <span class='ocrx_word' id='word_1_290' title='bbox 791 2203 841 2245; x_wconf 89' lang='lat' dir='ltr'>A)</span> <span class='ocrx_word' id='word_1_291' title='bbox 867 2202 941 2236; x_wconf 85' lang='grc' dir='ltr'>ΑΡ</span> <span class='ocrx_word' id='word_1_292' title='bbox 969 2202 975 2246; x_wconf 86' lang='grc'><strong>1</strong></span> <span class='ocrx_word' id='word_1_293' title='bbox 1012 2202 1192 2244; x_wconf 63' lang='lat' dir='ltr'>Art-agera</span> <span class='ocrx_word' id='word_1_294' title='bbox 1220 2200 1390 2234; x_wconf 77' lang='lat' dir='ltr'>Muretus</span> <span class='ocrx_word' id='word_1_295' title='bbox 1420 2210 1500 2234; x_wconf 78' lang='lat' dir='ltr'>cum</span> 
     </span>
     <span class='ocr_line' id='line_1_36' title="bbox 163 2245 1510 2294; baseline -0.004 -9"><span class='ocrx_word' id='word_1_296' title='bbox 163 2251 311 2285; x_wconf 72' lang='lat' dir='ltr'>Zonam</span> <span class='ocrx_word' id='word_1_297' title='bbox 328 2262 364 2294; x_wconf 79' lang='lat' dir='ltr'>p.</span> <span class='ocrx_word' id='word_1_298' title='bbox 382 2255 447 2284; x_wconf 81' lang='lat'>539</span> <span class='ocrx_word' id='word_1_299' title='bbox 463 2251 501 2284; x_wconf 90' lang='lat' dir='ltr'><em>D</em></span> <span class='ocrx_word' id='word_1_300' title='bbox 579 2255 622 2285; x_wconf 89' lang='grc'>22</span> <span class='ocrx_word' id='word_1_301' title='bbox 643 2250 790 2294; x_wconf 87' lang='lat' dir='ltr'>Adduo]</span> <span class='ocrx_word' id='word_1_302' title='bbox 806 2246 940 2283; x_wconf 79' lang='grc' dir='ltr'><em>’Ἀδδων</em></span> <span class='ocrx_word' id='word_1_303' title='bbox 963 2248 1128 2281; x_wconf 78' lang='lat' dir='ltr'>Zonaras</span> <span class='ocrx_word' id='word_1_304' title='bbox 1189 2250 1232 2280; x_wconf 77' lang='grc'>26</span> <span class='ocrx_word' id='word_1_305' title='bbox 1254 2257 1376 2281; x_wconf 83' lang='lat' dir='ltr'>comes</span> <span class='ocrx_word' id='word_1_306' title='bbox 1396 2247 1451 2280; x_wconf 76' lang='lat' dir='ltr'>est</span> <span class='ocrx_word' id='word_1_307' title='bbox 1465 2245 1510 2279; x_wconf 89' lang='lat' dir='ltr'>A-</span> 
     </span>
     <span class='ocr_line' id='line_1_37' title="bbox 233 2291 1499 2336; baseline -0.003 -6"><span class='ocrx_word' id='word_1_308' title='bbox 233 2300 276 2330; x_wconf 83' lang='grc'>28</span> <span class='ocrx_word' id='word_1_309' title='bbox 303 2297 432 2331; x_wconf 77' lang='lat' dir='ltr'>deinde</span> <span class='ocrx_word' id='word_1_310' title='bbox 459 2297 523 2331; x_wconf 85' lang='lat' dir='ltr'>rel.</span> <span class='ocrx_word' id='word_1_311' title='bbox 553 2297 601 2331; x_wconf 91' lang='lat' dir='ltr'>P:</span> <span class='ocrx_word' id='word_1_312' title='bbox 629 2296 691 2330; x_wconf 87' lang='lat' dir='ltr'>diu</span> <span class='ocrx_word' id='word_1_313' title='bbox 717 2296 761 2330; x_wconf 87' lang='lat' dir='ltr'>de</span> <span class='ocrx_word' id='word_1_314' title='bbox 789 2307 825 2329; x_wconf 86' lang='lat' dir='ltr'>re</span> <span class='ocrx_word' id='word_1_315' title='bbox 852 2295 1011 2329; x_wconf 73' lang='lat' dir='ltr'>luctatus</span> <span class='ocrx_word' id='word_1_316' title='bbox 1038 2295 1091 2336; x_wconf 82' lang='lat' dir='ltr'>A,</span> <span class='ocrx_word' id='word_1_317' title='bbox 1122 2293 1184 2328; x_wconf 87' lang='lat' dir='ltr'>diu</span> <span class='ocrx_word' id='word_1_318' title='bbox 1210 2293 1334 2327; x_wconf 73' lang='lat' dir='ltr'>reluct.</span> <span class='ocrx_word' id='word_1_319' title='bbox 1362 2292 1428 2336; x_wconf 77' lang='lat' dir='ltr'>(vel</span> <span class='ocrx_word' id='word_1_320' title='bbox 1453 2291 1499 2327; x_wconf 79' lang='lat' dir='ltr'>de</span> 
     </span>
    </p>
   </div>
  </div>
 </body>
</html>
