1635 2572
183 151 263 194 158
663 151 836 187 RERUM
863 151 1026 187 INDEX.

204 259 307 292 catus
332 260 394 300 59,
420 261 451 292 3.
496 268 518 291 a
543 255 697 291 Caesare
723 266 815 301 puer

203 303 422 349 pontificatu
471 303 674 338 honoratus
726 303 813 337 ibid.

202 350 440 396 Apolloniam
464 350 503 384 in
534 349 658 384 studia
683 349 814 384 missus

205 399 250 433 ib.
278 402 308 432 4.
359 408 382 430 a
407 396 562 431 Caesare
588 397 813 431 testamento

204 445 402 487 adoptatus
434 446 496 487 59,
530 447 559 478 1.
613 444 700 488 post
736 442 814 478 eius

204 491 355 525 caedem
386 490 542 524 Romam
573 489 727 524 festinat
758 493 814 534 59,

205 542 234 571 5.
285 536 459 571 introitus
498 536 576 571 eius
612 536 651 571 in
688 536 816 571 urbem

204 585 249 618 ib.
273 588 303 619 6.
333 583 459 618 invitis
485 583 701 628 parentibus
727 582 815 618 Cae-

205 630 294 665 saris
326 630 574 665 hereditatem
613 632 652 665 et
680 640 816 665 nomen

205 677 284 711 adit
317 681 377 720 60,
411 681 429 711 1
463 688 516 720 sq.
572 677 618 711 ab
652 676 815 712 Antonio

204 723 360 768 superbe
387 725 578 768 exceptus,
611 735 696 758 mox
727 723 815 758 insi·

205 770 275 804 diis
300 770 439 815 petitus
464 771 511 805 ib.
539 774 560 805 3
587 771 624 805 et
649 774 680 806 5.
713 780 814 805 exer-

206 817 319 851 citum
345 818 452 862 parat
478 827 497 852 e
520 817 706 852 veteranis
728 816 816 852 Cae-

205 863 295 898 saris
322 868 378 907 61,
406 868 422 898 1
446 875 497 907 sq.
535 864 701 908 legiones
721 863 816 898 Mar-

204 910 297 944 tiam
313 912 351 945 et
363 910 424 945 IV.
445 910 580 955 recipit
591 911 638 946 ib.
655 915 686 946 2.
700 911 816 945 hono-

205 968 262 992 res
277 957 312 991 ei
327 957 466 992 decreti
474 957 519 992 ib.
531 961 562 992 3.
576 957 716 992 bellum
731 967 816 992 con-

204 1006 263 1038 tra
276 1004 477 1039 Antonium
489 1004 704 1039 mandatum
719 1003 818 1038 circa

205 1051 387 1085 Mutinam
412 1051 560 1085 fortiter
580 1050 818 1085 administrat

205 1098 251 1132 ib.
273 1101 293 1132 3
315 1109 367 1141 sq.
400 1097 499 1132 victo
525 1097 689 1132 Antonio
716 1106 815 1141 spre-

204 1146 264 1178 tus
289 1153 312 1178 a
337 1145 467 1178 senatu
487 1147 543 1187 62,
564 1148 581 1178 1
604 1154 682 1188 sqq.
716 1153 816 1178 exer-

206 1190 300 1225 citus
321 1201 404 1225 eum
423 1192 549 1225 tuetur
561 1191 608 1225 ib.
625 1194 655 1225 5.
677 1189 722 1225 ab
743 1190 815 1224 An-

204 1237 308 1272 tonio
333 1237 380 1272 ad
405 1237 679 1272 triumviratum
699 1237 816 1272 addu-

206 1287 285 1319 ctus
313 1288 367 1327 65,
395 1288 424 1318 1.
466 1284 640 1329 privigna
664 1283 817 1319 Antonii

205 1331 240 1366 ei
271 1331 497 1375 desponsata
526 1332 572 1366 ib.
606 1335 636 1366 2.
689 1330 817 1365 consul

205 1378 324 1413 factus
337 1379 383 1412 ib.
402 1377 666 1423 proscriptioni
679 1378 817 1412 frustra

205 1426 388 1469 repugnat
413 1429 469 1468 66,
491 1429 508 1459 1
531 1435 582 1468 sq.
613 1425 711 1469 apud
730 1423 816 1458 Phi-

206 1471 329 1516 lippos
361 1482 444 1506 cum
474 1471 589 1506 Bruto
622 1473 660 1505 et
689 1470 816 1506 Cassio

207 1518 393 1553 concurrit
412 1521 466 1552 70.
496 1517 709 1553 Messallam
730 1517 816 1552 Cor-

206 1565 333 1600 vinum
353 1565 477 1600 servat
491 1569 546 1607 71,
562 1568 592 1599 1.
619 1564 658 1600 in
670 1564 817 1599 Italiam

206 1622 394 1657 regressus
429 1611 630 1646 tumultum
666 1611 704 1646 L.
743 1613 816 1646 An-

205 1659 300 1694 tonii
343 1660 382 1694 et
416 1659 568 1693 Fulviae
606 1657 817 1703 comprimit

209 1710 269 1749 74,
298 1710 315 1740 1
343 1717 420 1750 sqq.
470 1705 610 1740 bellum
641 1705 679 1740 in
711 1704 815 1740 Cam—

206 1753 317 1797 pania
347 1764 370 1788 a
394 1752 449 1787 Ti.
482 1751 636 1787 Claudio
669 1752 816 1787 Nerone

208 1799 407 1834 excitatum
451 1798 641 1843 componit
684 1803 745 1842 75,
785 1803 816 1834 1.

206 1846 375 1881 Fulviam
397 1847 435 1881 et
453 1846 630 1880 Plancum
652 1856 695 1880 ex
709 1845 818 1880 Italia

207 1894 404 1938 profugere
430 1892 571 1936 patitur
597 1897 653 1935 76,
679 1896 710 1927 2.
752 1903 817 1937 pa-

209 1951 288 1975 cem
327 1951 409 1974 cum
440 1939 487 1973 M.
521 1939 681 1974 Antonio
720 1939 818 1974 cirea

207 1987 454 2022 Brundusium
475 1986 664 2031 componit
681 1986 768 2020 ibid.
784 1989 818 2021 3.

209 2046 291 2069 cum
309 2034 387 2069 Sex.
403 2033 579 2085 Pompeio
598 2033 696 2068 circa
709 2032 818 2068 Mise-

208 2092 294 2115 num
326 2090 456 2133 pacem
489 2079 559 2114 init
596 2083 702 2122 77,1
736 2091 814 2123 sqq.

208 2128 245 2162 in
271 2127 339 2172 Illy
343 2127 419 2162 rico
449 2128 487 2161 ct
511 2107 697 2161 Delmatia
721 2126 818 2160 mili-

206 2177 264 2209 tes
290 2175 436 2209 exercet
462 2177 517 2217 78,
537 2177 567 2208 2
595 2173 734 2208 bellum
754 2173 818 2207 ad-

208 2232 335 2256 versus
362 2222 440 2256 Scit.
469 2220 687 2265 Pompeium
710 2220 819 2264 palat

210 2272 264 2309 79,
292 2273 321 2302 1.
367 2267 511 2302 Liviam
539 2277 690 2302 uxorem
717 2266 819 2301 ducit

208 2315 254 2350 ib.
277 2318 307 2349 2.
339 2314 478 2349 bellum
505 2325 587 2349 cum
608 2313 687 2349 Sex.
709 2313 817 2349 Pom-

910 255 995 300 peio
1021 255 1180 300 primum
1205 257 1324 301 varia,
1356 268 1441 293 mox
1465 269 1520 294 se-

911 302 1031 337 cunda
1044 302 1193 337 fortuna
1206 303 1303 347 gerit
1315 304 1402 340 ibid.
1412 308 1431 339 3
1442 315 1519 350 sqq.

910 349 1092 394 Lepidum
1125 349 1306 394 dignitate
1340 351 1440 386 exuit
1465 355 1520 387 80.

911 395 1132 431 seditionem
1158 397 1340 432 exercitus
1369 398 1523 433 discutit

911 445 970 485 81,
997 447 1026 477 1.
1073 442 1311 488 Campaniam
1337 444 1522 480 coloniam

911 489 1171 534 supplemento
1191 493 1304 536 auget
1318 491 1362 526 ib.
1379 495 1410 528 2.
1437 494 1523 526 acta

912 536 958 570 ab
985 547 1028 571 eo
1054 537 1209 572 Romam
1240 548 1389 572 reverso
1415 538 1462 574 ib.
1489 543 1520 573 3.

913 582 1111 618 clementia
1149 583 1226 618 eius
1269 584 1307 618 in
1343 584 1523 620 Plancum

912 631 968 673 83,
995 633 1025 664 2.
1072 631 1171 674 apud
1196 631 1348 666 Actium·
1371 631 1524 666 dimicat

911 687 995 711 cum
1020 677 1182 712 Antonio
1204 681 1258 713 84.
1280 681 1338 713 85.
1364 678 1523 714 clemen-

909 723 965 758 tia
995 723 1073 758 eius
1104 724 1142 758 in
1173 724 1293 759 victos
1319 729 1380 769 85,
1406 729 1438 760 4.
1466 729 1523 769 86,

911 773 942 804 2.
971 773 1026 813 87,
1053 774 1083 805 2.
1127 769 1361 815 Cleopatram
1387 773 1426 806 et
1449 772 1522 806 An-

910 798 1055 851 toniuin
1092 817 1360 852 Alexandream
1399 828 1522 863 perse-

913 862 1037 907 quitur
1062 867 1118 906 87,
1145 868 1175 898 1.
1222 865 1434 909 Aegyptum
1459 865 1523 899 sti-

912 891 1142 954 pendiariain
1167 910 1258 945 fecit
1282 915 1338 953 39,
1365 915 1396 946 2.
1445 911 1523 946 eius

911 956 1091 1001 triumphi
1121 961 1183 1000 89,
1219 962 1247 992 1.
1301 957 1523 992 felicitatem

913 1003 994 1039 orbi
1042 1005 1223 1038 terrarum
1266 1004 1432 1039 restituit
1473 1005 1520 1039 ib.

913 1054 932 1084 2
960 1061 1037 1093 sqq.
1081 1050 1292 1085 consulatus
1325 1051 1374 1085 XI
1407 1051 1522 1086 conti-

912 1096 1056 1138 nuavit,
1083 1096 1148 1131 sed
1169 1096 1392 1132 dictaturam
1417 1108 1522 1142 repu-

911 1143 957 1177 lit
970 1143 1016 1178 ib.
1030 1146 1060 1178 5.
1079 1143 1207 1178 Ianum
1221 1144 1410 1188 geminum
1425 1145 1522 1179 elau-

913 1189 969 1224 dit
993 1192 1055 1233 38,
1075 1194 1106 1225 3.
1141 1201 1346 1235 cognomen
1365 1191 1524 1236 Augusti

913 1236 1098 1271 sententia
1115 1237 1243 1272 Planci
1263 1237 1399 1282 accipit
1418 1242 1475 1282 91,
1491 1243 1522 1273 1.

910 1283 1126 1327 Hispaniam
1164 1284 1375 1328 perdomuit
1404 1288 1522 1329 90,1

912 1332 1007 1365 et4.
1035 1333 1091 1373 38,
1117 1334 1148 1365 4.
1183 1334 1239 1374 39,
1265 1335 1286 1366 2
1314 1342 1365 1376 sq
1418 1331 1525 1376 signa

911 1376 978 1412 Ro.
1023 1387 1046 1412 a
1070 1377 1216 1412 Parthis
1249 1379 1358 1422 capta
1389 1378 1524 1423 recipit

912 1427 1031 1466 91,1.
1083 1424 1333 1459 coniuratores
1365 1424 1404 1460 in
1439 1436 1523 1460 eum

911 1471 999 1506 zbzcl.
1026 1474 1089 1506 2<
1074 1482 1125 1515 sq.
1160 1471 1200 1506 in
1226 1471 1413 1506 Orientem
1438 1482 1521 1517 pro-

911 1517 1030 1552 fectus
1057 1518 1104 1552 ad
1133 1528 1191 1552 res
1218 1518 1439 1553 ordinandas
1465 1522 1522 1561 92,

914 1568 943 1599 1.
989 1564 1178 1599 Tiberium
1209 1567 1247 1600 et
1270 1565 1429 1600 Drusum
1458 1565 1522 1599 ad-

912 1621 1038 1646 versus
1069 1611 1206 1646 Raetos
1239 1614 1277 1646 et
1309 1611 1522 1647 Vindelicos

911 1658 1027 1692 mittit
1053 1661 1114 1701 95,
1142 1662 1171 1692 1.
1223 1658 1355 1694 Gaium
1387 1660 1426 1693 et
1452 1658 1521 1693 Lu·

913 1704 1009 1739 cium
1034 1704 1221 1749 Agrippae
1247 1705 1342 1740 filios
1367 1705 1524 1750 adoptat

913 1755 969 1794 96,
991 1755 1020 1786 1.
1057 1751 1094 1786 in
1115 1751 1253 1786 Gallias
1278 1751 1523 1796 proficiscitur

913 1802 970 1841 97,
1003 1802 1032 1832 1.
1091 1798 1229 1833 bellum
1264 1798 1523 1834 Germanicum

912 1845 1030 1879 Druso
1057 1845 1259 1880 committit
1284 1847 1322 1880 et
1339 1848 1425 1890 pcst
1443 1845 1521 1880 eius

912 1893 1070 1927 mortem
1101 1891 1249 1927 Tiberio
1284 1896 1340 1935 97,
1371 1895 1392 1927 2
1426 1894 1464 1927 et
1488 1896 1521 1927 4.

913 1938 1102 1973 Tiberium
1127 1939 1173 1973 ad
1197 1938 1432 1974 tribuniciam
1456 1949 1521 1984 po-

912 1987 1088 2020 testatem
1109 1985 1231 2020 evexit
1250 1990 1305 2029 99,
1329 1991 1357 2020 1.
1394 1985 1522 2021 consul

913 2032 1040 2076 (XIII.)
1066 2032 1193 2067 Martis
1212 2032 1392 2077 templum
1419 2031 1521 2067 dedi-

915 2080 992 2121 cat,
1024 2090 1153 2113 munus
1185 2078 1337 2123 gladiat.
1371 2080 1410 2114 et
1433 2089 1522 2113 nau-

913 2125 1096 2160 machiam
1121 2125 1198 2160 edit
1219 2129 1295 2168 100,
1315 2129 1346 2160 2.
1375 2124 1411 2160 C.
1433 2125 1522 2160 Cae-

915 2182 1031 2206 sarem
1058 2172 1095 2206 in
1122 2171 1267 2216 Syriam
1293 2172 1426 2216 mittit,
1459 2171 1522 2207 ad-

914 2218 991 2253 dito
1033 2218 1079 2252 M.
1124 2218 1244 2253 Lollio
1289 2219 1522 2254 moderatore

913 2264 1115 2300 iuventutis
1145 2270 1220 2309 101,
1245 2270 1273 2300 1.
1302 2270 1431 2310 102,1.
1461 2265 1522 2301 Ti-

914 2312 1055 2347 berium
1071 2314 1108 2347 et·
1121 2312 1168 2347 M.
1179 2312 1381 2358 Agrippam
1393 2312 1522 2348 Postu·

1620 1613 1635 1631 a

1619 1643 1630 1679 l

1619 1682 1624 1710 ‚¹
