1635 2572
137 557 156 586 [Ο

140 1140 159 1171 0>

145 1783 163 1814 KQ

176 147 233 189 30
834 143 867 177 Π

179 256 316 295 consul
349 257 466 294 armis
499 254 741 304 compescuit
760 252 1015 304 hominesque
1049 251 1255 291 exitiabilis
1286 253 1325 291 in
1357 251 1520 291 Hostilia

179 317 287 354 curia
320 319 444 352 morte
478 312 664 351 multavit.

300 370 361 412 13.
414 370 561 409 Deinde
604 370 819 408 interiectis
851 371 986 420 paucis
1019 370 1129 407 annis
1162 367 1404 407 tribunatum
1435 370 1522 407 iniit

177 432 224 470 M.
258 431 390 469 Livius
424 429 594 481 Drusus,
626 429 685 466 vir
717 427 1002 480 nobilissimus,
1042 426 1403 478 eloquentissimus,
1436 438 1520 465 san·

179 491 394 540 ctissimus,
435 487 596 526 meliore
635 487 676 524 in
708 487 836 524 omnia
868 487 1024 537 ingenio
1057 487 1263 536 animoque
1298 497 1413 536 quam
1445 485 1519 523 for-
1541 492 1558 518 5

179 554 271 586 tuna
309 559 416 585 usus.
480 547 547 596 qui
585 557 675 584 cum
713 546 865 583 senatui
903 546 1079 596 priscum
1118 546 1327 587 restituere
1360 549 1523 594 cuperet

178 606 298 644 decus
332 610 370 644 et
407 604 549 643 iudicia
581 603 627 642 ab
668 603 865 654 equitibus
897 603 943 641 ad
977 615 1067 642 euni
1099 603 1312 641 transferre
1345 602 1523 641 ordinem

179 660 345 717 (quippe
383 675 467 702 eam
505 668 739 714 potestatem
778 663 881 700 nacti
918 663 1071 712 equites
1103 661 1339 700 Gracchanis
1371 659 1523 712 legibus

180 735 268 762 cum
313 724 353 761 in
397 721 541 760 multos
587 721 822 759 clarissimos
873 725 988 770 atque
1032 721 1375 758 innocentissimos
1419 720 1523 757 viros

180 783 412 833 saevissent,
452 786 535 819 tum
567 779 608 818 P.
641 778 849 831 Rutilium,
886 780 1013 817 virum
1046 790 1123 816 non
1156 778 1301 817 saeculi
1340 779 1417 829 sui,
1456 777 1523 816 sed
1545 784 1578 810 10

180 841 306 878 omnis
356 840 438 878 aevi
489 839 696 890 optimum,
749 838 1035 888 interrogatum
1083 836 1167 887 lege
1217 836 1524 887 repetundarum

181 900 346 937 maximo
387 909 477 936 cum
514 898 660 948 gemitu
699 897 864 934 civitatis
903 892 1217 948 damnaverant),
1255 896 1294 933 in
1333 896 1379 933 iis
1417 895 1525 946 ipsis,

182 969 279 1008 quae
312 968 383 1007 pro
417 961 554 995 senatu
587 954 837 1006 moliebatur,
876 959 1055 993 senatum
1093 953 1228 992 habuit
1259 953 1525 992 adversarium

182 1028 259 1054 non
292 1014 601 1066 intellegentem,
634 1015 666 1051 si
698 1025 773 1064 qua
806 1013 852 1052 de
884 1012 1008 1064 plebis
1041 1012 1254 1050 commodis
1287 1011 1333 1050 ab
1360 1023 1405 1050 eo
1438 1023 1524 1062 age-

181 1079 338 1126 rentur,
369 1073 489 1112 veluti
509 1071 741 1111 inescandae
774 1071 1082 1121 inliciendaeque
1117 1070 1376 1109 multitudinis
1409 1081 1525 1108 causa
1544 1077 1578 1103 15

182 1132 287 1183 fieri,
319 1137 363 1170 ut
394 1130 613 1169 minoribus
645 1131 842 1181 perceptis
871 1131 1016 1167 maiora
1048 1131 1305 1180 permitteret.
1356 1129 1524 1179 denique

182 1203 226 1229 ea
258 1191 415 1229 fortuna
444 1189 561 1228 Drusi
593 1189 686 1240 fuit,
716 1193 761 1227 ut
791 1188 994 1227 malefacta
1026 1187 1262 1238 collegarum
1294 1188 1378 1226 eius
1410 1198 1526 1237 quam

182 1250 327 1300 optime
360 1248 406 1286 ab
439 1250 524 1299 ipso
558 1248 725 1298 cogitata
757 1252 915 1286 senatus
947 1245 1133 1297 probaret
1165 1247 1302 1297 magis,
1336 1251 1374 1284 et
1404 1245 1525 1284 hono-

182 1320 283 1360 rem,
310 1308 376 1357 qui
408 1305 454 1344 ab
487 1318 533 1344 eo
566 1305 837 1357 deferebatur,
875 1302 1098 1356 sperneret,
1136 1306 1315 1356 iniurias,
1348 1315 1446 1355 quae
1479 1303 1525 1342 ab

182 1366 257 1410 illis
289 1364 613 1416 intendebantur,
645 1376 769 1415 aequo
802 1365 929 1402 animo
962 1365 1175 1415 reciperet,
1207 1368 1246 1401 et
1276 1362 1394 1401 huius
1423 1374 1524 1401 sum·
1546 1369 1580 1394 20

183 1436 267 1463 mae
300 1423 445 1475 gloriae
477 1423 687 1474 invideret,
719 1422 875 1461 illorum
907 1421 1140 1460 inmodicam
1173 1422 1306 1459 ferret.

305 1480 370 1521 14.
420 1481 520 1520 Tum
553 1493 766 1519 conversus
799 1480 916 1519 Drusi
947 1481 1117 1531 animus,
1152 1479 1305 1530 quando
1338 1478 1436 1517 bene
1468 1480 1525 1516 in-

184 1546 296 1592 cepta
337 1540 438 1579 male
477 1539 682 1591 cedebant,
720 1539 766 1577 ad
805 1538 970 1577 dandam
1002 1540 1196 1577 civitatem
1227 1537 1376 1576 Italiae:
1421 1537 1526 1587 quod

184 1611 274 1639 cum
307 1598 470 1637 moliens
503 1599 731 1636 revertisset
751 1610 771 1635 e
804 1598 907 1650 foro,
938 1599 1127 1635 immensa
1159 1596 1221 1634 illa
1249 1601 1286 1635 et
1318 1595 1526 1647 incondita,

184 1670 282 1709 quae
316 1669 406 1696 eum
438 1669 593 1708 semper
617 1655 891 1708 comitabatur,
924 1657 1075 1694 cinctus
1108 1654 1357 1693 multitudine
1378 1655 1417 1692 in
1438 1665 1526 1692 area
1546 1662 1580 1688 25

185 1717 325 1755 domus
358 1728 450 1754 suae
484 1715 639 1754 cultello
672 1726 902 1766 percussus,
936 1715 1002 1764 qui
1028 1714 1175 1752 adfixus
1208 1713 1318 1751 lateri
1351 1714 1435 1751 eius
1466 1724 1526 1751 re-

185 1775 300 1813 lictus
334 1780 409 1826 est,
441 1775 543 1812 intra
573 1785 716 1824 paucas
748 1773 864 1811 horas
896 1772 1075 1811 decessit.
1126 1772 1192 1810 sed
1226 1783 1314 1810 cum
1347 1771 1527 1810 ultimum

186 1833 369 1871 redderet
401 1834 599 1884 spiritum,
631 1833 789 1870 intuens
822 1831 1160 1870 circumstantium
1190 1831 1525 1880 maerentiumque

188 1891 466 1942 frequentiam,
498 1891 635 1930 effudit
662 1902 795 1929 vocem
828 1890 1234 1929 convenientissimam
1266 1889 1527 1927 conscientiae

284 2031 301 2062 1
338 2026 591 2061 consularibus
625 2026 736 2060 armis
768 2025 963 2060 Acz'dcdz'us
1108 2029 1127 2060 :2
1162 2023 1360 2059 exitiabilis
1386 2024 1438 2067 A,
1469 2024 1529 2058 secl

185 2085 211 2109 3.
241 2075 262 2109 Ζ.
290 2074 457 2109 exitiales
561 2077 603 2107 17
630 2073 707 2107 eius
733 2084 844 2116 quam
869 2071 1065 2106 Ruhnken:
1090 2083 1200 2115 quam
1227 2071 1303 2105 eius
1332 2070 1375 2113 P,
1402 2081 1528 2114 quam-

186 2122 242 2156 uis
268 2122 321 2163 A,
352 2121 435 2163 fort.
469 2130 581 2163 quam
612 2120 779 2163 quamvis
805 2120 850 2162 cf.
874 2119 953 2154 Val.
987 2118 1093 2152 Maoe.
1121 2121 1154 2159 8,
1183 2122 1223 2152 15
1254 2117 1415 2152 Prooem.

188 2172 232 2203 20
258 2168 333 2202 illis
359 2167 556 2202 Ruhnken:
583 2166 666 2200 aliis
692 2166 767 2200 ΑΡ
897 2170 939 2200 21
968 2165 1177 2199 *modicam
1203 2164 1280 2198 ΑΡ
1405 2168 1449 2198 :22
1476 2165 1529 2198 in-

189 2218 297 2259 cepta
321 2215 374 2248 A:
403 2215 535 2258 coepta
563 2213 612 2255 12;
639 2214 683 2256 ef.
704 2213 869 2248 Doederl.
897 2212 984 2257 Syn.
1013 2212 1074 2246 lat.
1100 2212 1161 2252 ΙΙΙ,
1191 2216 1254 2245 159
1353 2215 1396 2245 23
1423 2211 1529 2245 eade-

188 2262 277 2295 bant
304 2262 454 2305 Lipsius
575 2264 618 2294 24
645 2260 835 2304 incognita
860 2259 948 2302 AI),
981 2269 1041 2292 em.
1069 2259 1262 2293 Acidalius
1374 2262 1417 2292 25
1445 2258 1531 2293 area.

188 2310 240 2342 A:
269 2308 361 2342 atrio
392 2308 426 2341 Ρ
451 2310 482 2342 et
506 2317 532 2342 s.
561 2307 583 2342 l.
609 2307 655 2350 A,
682 2308 727 2350 cf.
754 2307 899 2351 Kreyss.
921 2317 960 2350 p.
988 2304 1064 2339 XX.
