1635 2572
99 249 119 278 10

102 1646 121 1675 10

158 131 240 172 120
806 132 837 165 II

153 242 300 279 maniae
339 240 481 279 finibus
519 242 708 278 exercitui
746 251 926 290 praeesse
966 239 1156 278 crederet.
1218 246 1301 279 tum
1340 242 1491 280 iuvenis

151 311 294 350 genere
328 298 484 350 nobilis,
523 309 637 336 manu
673 299 802 350 sortis,
841 309 958 336 sensu
991 297 1112 348 celer,
1150 297 1252 337 ultr‘a
1283 298 1491 338 barbarum

151 364 355 408 promptus
400 357 574 408 ingenio,
617 357 773 394 nomine
817 355 1031 407 Arminius,
1080 355 1261 406 Sigimeri
1304 358 1492 408 principis

152 417 278 466 gentis
320 416 402 452 eius
443 414 562 466 filius,
606 412 786 452 ardorem
829 415 946 452 animi
990 413 1098 452 vultu
1139 414 1341 465 oculisque
1381 426 1490 466 prae-

153 474 300 524 seiens,
332 472 517 510 adsiduus
547 472 704 511 militiae
732 478 886 510 nostrae
914 473 1056 523 prioris
1083 484 1231 524 comes,
1263 474 1348 511 ime
1375 475 1491 512 etiam
1511 481 1527 507 ⁵

153 532 319 569 civitatis
340 530 534 569 Romanae
561 530 680 570 decus
702 532 897 581 equestris
918 536 1153 570 consecutus
1179 530 1340 583 g1a,dus
1366 533 1491 582 segni-

154 591 204 628 tia
231 589 341 628 ducis
368 591 408 627 in
428 590 673 628 occasionem
695 589 854 628 sceleris
875 601 970 627 usus
991 595 1068 640 est,
1101 589 1202 628 haud
1224 580 1493 640 imprudenter

153 647 376 698 speculatus
404 649 599 686 neminem
626 647 793 686 celerius
819 649 1003 699 opprimi,
1031 659 1146 698 quam
1173 650 1239 698 qui
1260 647 1355 686 nihil
1381 649 1493 686 time-

153 712 230 758 ret,
275 712 313 744 et
350 707 711 757 frequentissimum
756 707 909 744 initium
954 717 1039 744 esse
1078 705 1305 744 calamitatis
1346 707 1492 744 securi-

153 770 282 803 tatem.
351 767 476 816 priino
518 766 636 816 igitur
680 776 842 816 paucos,
886 775 974 802 mox
1017 763 1140 815 pluris
1184 766 1222 802 in
1268 766 1493 803 societatem
1514 773 1548 798 10

153 823 303 861 consilii
336 825 501 874 recepit:
540 825 706 874 opprimi
743 834 857 874 posse
891 821 1086 860 Romanos
1129 829 1166 860 et
1206 822 1300 861 dicit
1336 828 1376 861 et
1406 834 1492 873 per·

153 882 307 933 suadet,
339 881 509 920 decretis
535 882 634 920 sacta
666 883 807 932 iungit,
840 887 994 931 tempus
1023 880 1253 919 insidiarum
1279 882 1493 919 constituit.

153 940 191 978 id
224 939 321 978 Varo
360 952 430 991 per
468 941 594 978 virum
627 941 711 978 eius
749 940 875 990 gentis
908 938 1061 977 fidelem
1099 939 1270 989 clarique
1313 940 1494 990 nominis,

154 997 361 1050 Segesten,
395 997 600 1037 indicatur.
663 997 868 1036 obstabant
899 999 974 1035 iam
1006 997 1082 1035 sata
1115 997 1289 1035 consiliis
1321 1009 1492 1036 omnem-

154 1068 228 1107 que
261 1058 377 1095 animi
417 1058 500 1094 eius
539 1058 662 1095 aciem
699 1057 1050 1106 praestrinxerant:
1089 1056 1232 1105 quippe
1271 1056 1323 1093 ita
1355 1067 1396 1094 se
1429 1067 1493 1094 res
1513 1063 1546 1089 15

153 1114 285 1165 habet,
323 1120 367 1153 ut
398 1114 629 1165 plerumque
664 1115 775 1152 cuius
808 1113 1004 1151 fortunam
1036 1118 1258 1151 mutaturus
1297 1118 1355 1152 est
1386 1112 1495 1165 deus,

153 1172 314 1211 consilia
352 1177 577 1223 corrumpat
615 1172 855 1223 efficiatque,
892 1171 995 1221 quod
1027 1173 1291 1209 miserrimum
1323 1177 1399 1223 est,
1439 1177 1495 1224 ut,

154 1231 257 1282 quod
291 1230 447 1282 accidit,
485 1232 602 1269 etiam
633 1232 773 1269 merito
807 1229 993 1268 accidisse
1025 1229 1202 1268 videatur
1239 1235 1279 1268 et
1309 1241 1422 1268 casus
1454 1231 1493 1268 in

154 1289 307 1340 culpam
339 1294 521 1328 transeat.
584 1294 698 1339 negat
728 1290 859 1338 itaque
898 1299 939 1326 se
971 1287 1132 1326 credere
1171 1289 1420 1339 speciemque
1454 1289 1494 1326 in

154 1359 194 1386 se
228 1347 518 1386 benevolentiae
553 1359 598 1386 ex
631 1347 770 1385 merito
802 1347 1006 1385 aestimare
1038 1346 1255 1397 profitetur.
1306 1358 1378 1385 nec
1411 1346 1492 1385 diu-
1514 1355 1548 1380 20

154 1407 231 1444 tius
262 1411 351 1457 post
382 1408 553 1457 primum
584 1405 753 1444 indicem
785 1404 957 1443 secundo
990 1404 1150 1442 relictus
1182 1404 1302 1443 locus.

275 1462 367 1502 119.
431 1463 618 1502 Ordinem
663 1464 926 1502 atrocissimae
971 1462 1216 1514 calamitatis,
1267 1474 1340 1512 qua
1390 1462 1494 1501 nulla

155 1528 242 1574 post
274 1522 403 1561 Crassi
434 1524 474 1560 in
506 1521 658 1560 Parthis
691 1521 875 1560 damnum
912 1522 953 1559 in
986 1522 1157 1559 externis
1196 1520 1377 1571 gentibus
1409 1533 1492 1572 gra-

155 1583 237 1619 vior
281 1581 465 1619 Romanis
507 1580 597 1631 suit,
641 1581 755 1619 iustis
799 1578 1060 1617 voluminibus
1104 1585 1147 1617 ut
1191 1579 1271 1630 alii,
1320 1581 1371 1617 ita
1422 1591 1493 1618 nos

155 1638 383 1678 conabimur
415 1650 628 1690 exponere:
659 1649 765 1677 nunc
797 1649 946 1676 summa
979 1636 1154 1675 deflenda
1187 1643 1255 1675 est.
1297 1639 1494 1676 exercitus
1514 1645 1548 1672 25

251 1779 270 1809 ὓ
296 1775 483 1809 Romanae
516 1774 627 1808 decus
655 1773 839 1808 Burmant
871 1772 1011 1807 Romae
1043 1772 1120 1806 eius
1153 1771 1221 1815 (ius
1251 1772 1299 1816 P)
1330 1772 1415 1815 ΑΡ,
1448 1773 1493 1815 ef.

158 1822 344 1865 Mam-eya:
370 1822 462 1855 Ado.
489 1820 538 1863 ΙΙ,
565 1824 631 1855 311
668 1822 672 1862 Ι
707 1821 924 1855 consecutus
950 1819 1143 1853 Heinsius:
1171 1829 1396 1862 consequens
1421 1819 1498 1854 ΑΡ

156 1870 403 1912 (deprm-atum
438 1878 480 1901 esc
504 1869 688 1911 scriptura
714 1868 947 1910 eonsequtus)
1068 1869 1087 1900 9
1115 1865 1329 1900 securitates
1364 1866 1442 1908 (-tis
1466 1876 1494 1900 s.

157 1917 195 1958 l.)
222 1916 256 1949 Α
356 1919 397 1947 10
423 1914 600 1948 societate
627 1913 757 1949 consili
782 1913 970 1957 praecepit
996 1912 1071 1946 ΑΡ
1094 1912 1240 1956 (recipit
1266 1912 1448 1954 Gelenius)

160 1967 198 1996 11
228 1962 338 1995 docet
363 1961 539 1995 Heinsius
660 1965 703 1995 14
729 1960 926 1995 obstabant
951 1959 1116 2003 Lipsius:
1149 1958 1363 2003 postulabat:
1387 1959 1463 1992 ΑΡ
1487 1958 1492 2003 l

158 2009 269 2043 etiam
296 2008 375 2042 fua,
395 2007 469 2041 ΑΡ
542 2011 583 2041 15
603 2009 877 2051 praestruxerat-
896 2006 979 2047 ΑΙ),
1005 2017 1066 2040 em.
1088 2005 1257 2040 Gelenius
1330 2009 1372 2039 16
1393 2005 1495 2039 cuius

158 2056 180 2089 f
208 2056 335 2089 mutat.
370 2056 425 2088 est
455 2054 505 2088 cd.
534 2054 683 2098 Bipont
717 2054 779 2097 qui
810 2053 832 2087 f.
861 2054 1066 2087 mutaturus
1099 2051 1320 2095 (imitaturus
1348 2053 1396 2095 A)
1422 2052 1498 2086 4P

158 2103 248 2145 (siue
274 2104 342 2145 est)
418 2104 460 2134 18
488 2101 600 2134 ellim
630 2101 677 2134 P:
705 2103 742 2134 et
768 2100 879 2134 etiam
908 2100 1006 2140 114,
1033 2098 1069 2132 id
1096 2109 1125 2132 e
1152 2098 1273 2132 Bure)
1351 2102 1392 2132 19
1420 2098 1495 2133 cul-

158 2160 243 2192 pam
272 2149 321 2182 P.
354 2148 463 2191 culpa
491 2148 572 2181 ἸΙΑ
608 2149 612 2191 Ι
647 2147 879 2199 speciemque
905 2146 1088 2179 Burman:
1123 2155 1296 2189 spemque
1329 2144 1404 2178 ΑΡ
1434 2147 1498 2188 (est

157 2196 313 2238 smmula
339 2196 479 2238 (Ji-atlas
505 2196 658 2238 astutis,
690 2205 762 2238 qua
787 2204 867 2237 ques
891 2203 926 2226 se
951 2192 1148 2226 bcuetolam
1177 2192 1307 2225 i'mlzcis
1335 2192 1496 2226 r-oltmta

158 2246 221 2322 icem
250 2253 435 2285 «qnos-cere
460 2242 610 2284 fatetur)
708 2244 752 2275 20
777 2238 1037 2274 beneuolentiw
1062 2238 1137 2271 ΑΡ
1226 2241 1268 2272 23
1297 2237 1418 2272 Crassi
1446 2238 1494 2272 P:
1510 2280 1514 2284 ι

188 2289 259 2322 assi
287 2289 367 2322 MA
