1635 2572
173 114 227 156 98
812 115 846 149 11

173 225 378 263 consulum
411 238 518 263 more
551 236 592 262 ac
620 225 843 274 severitate,
870 225 1072 274 gessisset,
1104 224 1360 273 protraxisset
1383 224 1507 276 publi·

173 295 359 321 canorum
394 283 565 333 fraudes,
604 283 782 332 punisset
815 282 1029 331 avaritiam,
1067 282 1298 330 regessisset
1331 284 1370 320 in
1403 294 1507 321 aera·

172 343 274 379 rium
313 342 497 391 pecunias
536 339 726 390 publicaS,
769 345 850 377 tum
891 340 931 376 in
969 340 1136 376 comitiis
1174 337 1362 378 habendis
1399 352 1507 390 prae·

131 406 151 436 3
173 400 330 449 cipuum
364 400 442 448 egit
467 398 684 436 consulem:
719 409 805 435 nam
833 402 871 435 et
902 402 1151 446 quaesturam
1183 402 1380 449 petentes,
1411 410 1510 448 quos

172 457 350 506 indignos
389 455 588 508 iudicavit,
632 455 808 506 profiteri
845 457 983 506 vetuit,
1033 460 1088 506 et,
1129 466 1217 492 cum
1262 454 1299 492 id
1339 456 1545 494 sactur0s5

173 526 213 552 se
241 520 555 565 perseverarent,
583 513 845 564 consularem,
873 515 905 550 si
931 514 969 550 in
997 524 1175 563 campum
1204 512 1511 566 descendissent,

131 579 152 609 4
174 572 381 610 vindictam
415 574 582 610 minatus
616 578 692 624 est,
734 578 773 610 et
804 571 1010 621 Egnatium
1044 571 1247 608 florentem
1280 571 1408 617 fayore
1441 583 1510 622 pu-

172 630 272 668 blico
303 636 602 681 sperantemque
636 636 679 668 ut
704 635 926 681 praeturam
952 629 1154 680 aedilitati,
1187 630 1239 667 ita
1265 630 1510 668 consulatum

172 694 377 740 praeturae
418 701 458 727 se
496 690 742 740 iuneturum,
780 689 956 739 profiteri
988 688 1126 738 vetuit,
1165 693 1203 726 et
1241 699 1329 726 cum
1363 688 1399 726 id
1433 699 1510 726 non

172 746 424 798 obtinuisset,
458 748 614 798 iuravit,
647 748 762 785 etiam
795 748 827 784 si
857 748 980 784 sactus
1013 751 1117 783 esset
1148 745 1284 784 consul
1317 747 1510 796 suffragiis
1531 757 1564 782 10

131 805 323 856 5populi,
376 811 502 844 tamen
549 817 588 843 se
634 817 723 843 eum
770 816 846 843 non
891 805 1217 842 renuntiaturum.
1292 804 1394 854 quod
1439 816 1510 854 ego

173 863 317 901 sactum
362 863 521 902 cuilibet
564 869 739 901 veterum
784 862 987 901 consulum
1025 862 1167 912 gloriae
1208 862 1511 912 comparandum

173 934 281 973 reor,
313 923 387 959 nisi
421 921 522 972 quod
550 921 780 960 naturaliter
812 921 940 959 audita
972 922 1063 958 visis
1094 920 1294 958 laudamus
1327 920 1511 959 libentius

173 985 211 1018 et
249 981 469 1030 praesentia
506 979 665 1030 invidia,
703 981 912 1030 praeterita
949 979 1196 1016 veneratione
1235 980 1510 1029 prosequimur

173 1043 211 1075 et
243 1037 303 1075 his
336 1050 406 1076 nos
440 1037 571 1089 obrui,
603 1037 677 1075 illis
709 1039 851 1075 instrui
883 1035 1089 1074 credimus.
1532 1049 1564 1075 15

132 1102 149 1132 1
291 1093 358 1134 93.
420 1096 516 1133 Ante
556 1096 769 1133 trienninm
802 1095 901 1146 sere,
941 1105 1055 1144 quam
1087 1093 1344 1144 Egnatianum
1383 1095 1512 1134 scelus

173 1159 416 1206 erumperet,
449 1155 552 1192 circa
583 1152 767 1192 Murenae
795 1152 1077 1203 Caepionisque
1105 1154 1383 1191 coniurationis
1416 1160 1510 1192 tem·

172 1224 263 1263 pus,
313 1211 452 1250 abhinc
497 1223 618 1250 annos
663 1212 960 1262 quinquaginta,
1008 1210 1054 1248 Μ.
1093 1210 1314 1262 Marcellus,
1364 1214 1511 1250 sororis

173 1270 337 1320 Augusti
369 1269 548 1308 Octaviae
589 1269 706 1321 silius,
745 1281 861 1320 quem
899 1269 1184 1320 homines‘ita,
1223 1271 1254 1307 si
1288 1269 1380 1319 quid
1413 1272 1509 1309 acci-

174 1328 296 1366 disset
334 1328 504 1379 Caesari,
550 1339 817 1366 successorem
859 1328 1055 1378 potentiae
1094 1328 1177 1365 eius
1222 1327 1509 1367 arbitrabantur
1530 1343 1564 1368 ρο

174 1386 368 1438 futurum,
406 1392 449 1425 ut
487 1392 615 1424 tamen
654 1385 691 1423 id
730 1397 800 1436 per
832 1386 878 1424 M.
911 1386 1119 1435 Agrippam
1158 1397 1296 1424 securo
1329 1388 1364 1424 ei
1396 1399 1509 1437 posse

174 1446 400 1494 contingere
452 1456 529 1482 non
580 1445 864 1495 existimarent,
917 1444 1298 1494 magnificentissimo
1349 1456 1510 1484 munere

174 1503 380 1541 aedilitatis
413 1503 514 1541 edito
548 1502 716 1541 decessit
741 1502 948 1541 admodum
974 1503 1143 1553 iuvenis,
1176 1514 1285 1554 sane,
1317 1508 1360 1540 ut
1392 1504 1510 1555 aiunt,

174 1563 432 1612 ingenuarum
464 1562 653 1599 virtutum
684 1560 885 1612 laetusque
919 1561 1034 1598 animi
1068 1566 1105 1598 et
1137 1561 1281 1611 ingenii
1314 1561 1508 1599 fortunae-

132 1627 152 1657 2
174 1632 268 1671 que,
299 1620 338 1657 in
373 1631 486 1670 quam
514 1618 704 1670 alebatur,
736 1630 865 1670 capax.
910 1625 998 1670 post
1024 1619 1135 1656 cuius
1162 1618 1310 1657 obitum
1331 1618 1509 1671 Agrippa,
1530 1634 1562 1659 25

174 1679 241 1728 qui
278 1677 350 1715 sub
389 1679 518 1728 specie
563 1678 869 1715 ministeriorum
914 1676 1184 1728 principalium
1230 1677 1429 1727 profectus
1469 1679 1509 1715 in

173 1736 319 1787 Asiam,
357 1742 399 1774 ut
438 1736 536 1774 sama
568 1735 758 1787 loquitur,
797 1735 846 1773 ob
880 1737 1013 1774 tacitas
1053 1747 1141 1773 cum
1174 1734 1352 1773 Marcello
1391 1736 1509 1774 offen-

174 1795 304 1832 siones
348 1795 544 1844 praesenti
589 1806 628 1832 se
673 1793 912 1832 subduxerat
956 1795 1138 1844 tempori,
1189 1805 1370 1832 reversus
1419 1793 1509 1832 inde

174 1852 289 1890 liliam
335 1853 509 1890 Caesaris
560 1851 710 1903 Iuliam,
761 1864 875 1903 quam
925 1854 964 1890 in
1015 1853 1258 1890 matrimonio
1306 1851 1509 1890 Marcellus

174 1909 378 1961 habuerat,
418 1910 527 1948 duxit
567 1922 746 1962 uxorem,
789 1911 969 1949 seminam
1011 1922 1136 1960 neque
1175 1909 1248 1955 sibi
1287 1921 1412 1960 neque
1452 1911 1562 1951 rei30

173 1968 350 2019 publicae
385 1968 506 2007 felicis
539 1971 652 2008 uteri.

175 2118 312 2162 [vetere
340 2146 346 2152 .
370 2145 376 2152 .
399 2145 404 2151 .
433 2117 644 2161 severitate]
672 2117 817 2151 Krause
892 2121 907 2151 1
936 2127 978 2150 ae
1004 2115 1185 2160 gravitate
1208 2114 1333 2157 Orelli,
1361 2126 1402 2149 ac
1429 2126 1509 2149 san-

175 2164 302 2198 ctitate
329 2163 492 2199 [πανοπε
589 2168 608 2198 4
635 2164 740 2209 quos]
769 2163 865 2207 quod
890 2164 924 2196 Α
1027 2167 1046 2196 9
1074 2162 1238 2206 profiteri
1264 2172 1328 2195 om.
1356 2163 1391 2196 A

174 2215 215 2244 ‘21
246 2221 390 2245 securos
417 2211 491 2245 ΛΡ
598 2215 640 2244 23
668 2212 709 2244 ul:
734 2210 837 2244 aiunt
861 2210 932 2254 ing.
962 2209 1059 2243 MA:
1087 2209 1159 2253 ing.
1186 2210 1227 2242 ut
1253 2208 1354 2242 aiunt
1381 2207 1418 2243 P

174 2262 217 2290 30
245 2257 405 2291 foemina
431 2260 463 2291 A
