1635 2572
156 112 211 154 66
809 108 839 141 11

156 224 327 261 mitteret
362 217 508 273 (neque
540 218 721 257 hercules
755 216 965 267 quidquam
991 215 1167 267 partibus
1192 215 1267 254 illis
1299 215 1492 254 salubriiis

157 277 267 332 suit),
306 279 385 330 alii,
424 285 465 317 ut
503 277 647 315 bellum
686 275 876 326 traheret,
919 273 1022 324 quod
1067 273 1287 324 dignatione
1325 275 1493 324 partium

157 341 196 377 in
238 338 320 376 dies
362 338 455 387 ipsis
496 336 617 385 magis
658 344 891 384 prosperum
932 333 1060 383 lieret,
1101 344 1196 370 usus
1237 333 1384 382 impetu
1422 344 1492 370 suo

117 397 309 435 3hosteni
349 400 507 432 secutus
546 398 616 431 est.
679 393 801 429 aciem
833 389 1092 428 Pharsalicam
1133 396 1172 428 et
1210 389 1316 428 illum
1355 401 1493 428 cruen-

159 456 353 493 tissimum
385 452 557 490 Romano
590 451 738 489 nomini
769 449 872 487 diem
898 453 1126 499 tantumque
1154 449 1359 498 utriusque
1387 459 1494 486 exer·
1515 456 1531 481 5

159 514 258 551 citus
302 511 508 562 profusum
552 509 751 559 sanguinis
802 513 840 546 et
890 506 1035 545 conlisa
1086 508 1188 544 inter
1232 518 1273 544 se
1318 505 1395 544 duo
1439 507 1497 544 rei

158 570 335 622 publicae
363 570 487 620 capita
514 568 776 617 effossumque
803 565 968 604 alterum
994 565 1157 603 Romani
1181 561 1336 616 imperii
1366 564 1498 603 lumen

160 635 197 669 et
234 634 292 667 tot
329 627 502 678 talesque
538 625 861 677 Pompeianarum
900 625 1069 675 partium
1107 635 1241 661 caesos
1278 624 1383 661 viros
1421 634 1499 661 non

119 688 301 738 4recipit
339 684 554 724 enarranda
592 684 654 722 hic
687 685 903 734 scripturae
943 681 1090 721 modus.
1152 681 1248 720 illud
1286 681 1499 720 notandum

162 751 238 784 est:
270 751 315 783 ut
345 746 515 795 primum
547 742 587 781 C.
621 741 761 780 Cacsar
792 740 1015 779 inclinatam
1047 740 1141 778 vidit
1172 740 1500 791 Pompeianorum
1520 749 1554 774 10

163 805 296 855 aciem,
323 814 450 853 neque
477 803 587 852 prius
607 812 734 851 neque
756 800 954 849 antiquius
975 797 1185 849 quidquam
1206 798 1358 850 hahuit,
1385 809 1501 848 quam

162 869 205 902 ut
242 864 282 900 in
321 872 454 899 omnes
495 865 644 911 partes,
688 864 730 897 ut
768 857 925 896 militari
963 856 1080 895 verbo
1126 869 1171 895 ex
1216 855 1501 895 consuetudine

123 927 142 957 5
164 927 270 972 utar,
297 917 601 958 dimitte1·et**.
644 928 715 968 pro
742 916 795 955 dii
821 915 1071 967 immortales,
1098 915 1199 965 quod
1227 914 1343 953 liuius
1370 913 1501 953 volun-

165 981 254 1018 tatis
287 990 378 1029 erga
401 977 567 1016 Brutum
599 988 690 1014 suae
716 980 850 1026 postea
884 976 940 1012 vir
967 980 1044 1012 tam
1076 977 1180 1011 mitis
1200 974 1371 1024 pretium
1397 971 1502 1011 tulit!

124 1037 259 1076 6nihil
311 1039 348 1075 in
400 1035 462 1074 illa
506 1035 666 1073 victoria
710 1032 942 1084 mirabilius,
987 1032 1313 1083 magnificentius,
1360 1030 1502 1070 clarius
1524 1041 1557 1067 15

166 1097 257 1147 suit,
301 1106 415 1145 quam
454 1093 556 1143 quod
595 1093 790 1130 neminem
828 1092 903 1129 nisi
941 1091 1020 1128 acie
1061 1095 1334 1140 consumptum
1381 1090 1506 1128 civem

166 1155 289 1206 patria
322 1151 571 1191 desideravit:
610 1150 678 1188 sed
709 1161 852 1188 munus
883 1148 1173 1187 misericordiae
1212 1148 1388 1199 corrupit
1418 1159 1504 1198 per·

166 1213 323 1263 tinacia,
356 1223 445 1249 cum
476 1209 662 1248 libentius
694 1209 810 1247 vitam
841 1208 965 1246 victor
995 1208 1072 1245 iam
1103 1205 1229 1258 daret,
1268 1217 1383 1257 quam
1415 1206 1506 1244 victi

129 1280 146 1308 1
168 1272 403 1321 acciperent.

287 1326 352 1367 53.
415 1326 624 1377 Pompeius
655 1325 881 1376 profugiens
915 1335 1003 1362 cum
1036 1322 1188 1361 duobus
1214 1322 1389 1361 Lentulis
1416 1333 1505 1361 con·
1527 1334 1560 1359 20

170 1386 365 1426 sularibus
395 1385 591 1435 Sextoque
618 1383 694 1421 filio
723 1389 760 1421 et
780 1382 947 1421 Favonio
974 1383 1189 1433 practorio,
1221 1393 1318 1432 quos
1345 1381 1506 1420 comites

173 1447 207 1484 ei
233 1446 388 1484 fortuna
416 1444 708 1494 adgregaverat,
740 1441 841 1493 aliis,
873 1446 915 1479 ut
936 1439 1118 1492 Parthos,
1150 1439 1251 1491 aliis,
1277 1445 1319 1478 ut
1339 1439 1508 1477 Africam

170 1509 340 1556 peteret,
366 1504 405 1541 in
432 1514 507 1553 qua
533 1501 800 1539 fidelissimum
820 1499 989 1550 partium
1016 1510 1175 1537 suarum
1194 1496 1355 1536 haberet
1375 1508 1507 1548 regem

267 1621 283 1650 1
312 1615 412 1650 illius
436 1615 606 1653 Burman
702 1617 721 1647 2
748 1612 879 1647 fuisset
903 1611 1056 1646 Cludius
1087 1611 1091 1652 Ι
1121 1609 1325 1654 dignationi
1353 1609 1475 1643 MAP
1501 1609 1505 1654 1

172 1663 334 1709 partium
360 1662 450 1696 AP:
478 1662 621 1706 partem
649 1660 697 1694 M
810 1662 830 1693 3
857 1659 895 1692 in
920 1657 978 1692 die
1005 1656 1136 1699 (indies
1162 1656 1250 1697 ΑΡ)
1276 1655 1378 1700 ipsiis
1405 1655 1509 1700 (ipsis

175 1712 224 1754 P)
252 1709 374 1744 MAP
451 1712 470 1742 5
497 1708 662 1742 Romano
690 1706 740 1740 P:
766 1704 925 1740 Romani
952 1705 1033 1738 MA
1113 1708 1132 1738 6
1159 1703 1300 1738 conlisa
1325 1702 1509 1737 Gelenius:

175 1756 328 1792 consilio
355 1755 430 1790 ΑΡ
525 1759 544 1789 8
571 1756 608 1788 et
633 1753 762 1788 addidi
857 1755 876 1786 9
905 1749 1125 1785 enarrandae
1151 1751 1187 1784 A
1292 1754 1333 1784 12
1359 1751 1401 1784 ut
1425 1749 1508 1784 add.

175 1804 343 1839 Gelenius
366 1804 369 1845 Ι
392 1801 504 1836 uerbo
531 1802 582 1835 A:
610 1802 647 1834 et
670 1799 782 1834 uerbo
811 1799 846 1832 P
866 1801 870 1842 1
894 1808 936 1833 ex
962 1797 1129 1841 Lipsius:
1156 1798 1191 1831 et
1212 1796 1287 1830 ΑΡ
1359 1800 1400 1831 13
1425 1806 1509 1840 sup-

170 1851 247 1896 plet
272 1849 416 1883 ΙιίιῙιηῙτ.
444 1851 535 1892 (post
555 1848 592 1881 in
613 1857 737 1882 omnes
757 1846 915 1891 partes):
943 1854 1141 1889 praecones
1162 1843 1364 1878 clamantes
1386 1842 1510 1887 ‘parce

177 1896 351 1937 civibus'3
385 1907 451 1937 an,
479 1899 516 1929 ut
541 1895 794 1929 nanciscamur
818 1892 961 1926 verbum
986 1891 1157 1934 militare,
1182 1890 1417 1934 supplendum
1445 1892 1509 1924 est:

178 1944 322 1989 signum
348 1943 413 1985 (rel
437 1943 629 1985 tesseram)
665 1941 794 1984 ‘parce
821 1937 1010 1973 civibus’?
1041 1937 1084 1980 cf.
1114 1936 1209 1971 Suet.
1238 1936 1334 1971 Caes.
1364 1939 1405 1970 75
1432 1935 1511 1970 acie

177 1989 393 2026 Pharsalica
418 1987 663 2033 proclamavit
688 1988 728 2021 nt
753 1985 894 2021 civibus
919 1985 1139 2029 parceretur.
1171 1984 1267 2026 App.
1288 1982 1334 2016 B.
1356 1982 1393 2017 C.
1415 1985 1447 2024 2,
1467 1984 1512 2016 80

178 2034 344 2081 κήρυκας
371 2033 408 2075 ἐς
439 2032 504 2074 τὰς
530 2032 652 2076 τάξεις
678 2032 868 2077 πανταχοῦ
901 2030 1168 2074 περιέπεμπεν,
1201 2028 1235 2063 οἳ
1261 2032 1336 2069 τοῖς
1361 2028 1512 2063 νικῶσιν

181 2081 355 2119 ἐκέλευον
382 2079 592 2124 ἀψαυστεῖν
624 2081 696 2115 τῶν
724 2077 920 2125 ὁμοεθνῶν
946 2079 1018 2112 κτλ.
1055 2080 1059 2120 Ι
1093 2076 1184 2120 proh
1211 2076 1245 2109 Α
1357 2079 1399 2109 14
1426 2085 1513 2109 suae

180 2142 244 2166 om.
271 2131 305 2164 A
330 2132 334 2173 ι
356 2131 439 2174 post
465 2139 545 2163 eam
570 2128 661 2169 ΑΡ,
687 2138 747 2162 cm.
774 2125 971 2160 Rhenanus
997 2125 1035 2158 in
1063 2133 1172 2166 mara.
1258 2126 1299 2156 15
1327 2121 1363 2156 in
1390 2121 1455 2156 illa.
1475 2150 1482 2157 .
1505 2149 1511 2156 .

181 2189 290 2221 quam
317 2176 414 2220 quod
442 2175 581 2210 Haase:
615 2174 679 2208 illa
708 2202 714 2208 .
742 2203 748 2209 .
776 2171 922 2217 quando
947 2170 1023 2205 ΛΡ
1136 2173 1176 2203 17
1205 2168 1405 2213 corrumpit
1429 2167 1515 2211 ΑΡ,

182 2236 242 2258 cm.
269 2223 381 2258 Rhen.
410 2224 447 2257 in
475 2233 539 2267 my.
663 2223 704 2255 18
730 2219 926 2254 uictoriam
952 2217 1037 2251 darc
1064 2215 1154 2259 ΑΡ,
1180 2226 1241 2250 cm.
1268 2216 1389 2250 Burer

183 2276 221 2305 ‘21
254 2272 426 2313 sextoque
458 2269 492 2301 P
587 2272 630 2302 ‘23
656 2268 693 2302 in
719 2277 790 2311 quo
816 2266 892 2300 ΑΡ
