1635 2572
176 154 258 195 11ss
828 154 860 188 ΙΙ

174 276 252 303 non
286 263 515 315 nocebatur,
555 265 716 314 ignovit3
755 262 966 302 admonitio
1005 263 1208 314 frequens,
1245 264 1441 303 interdum
1474 270 1513 304 et

175 324 393 372 castigatio,
438 321 604 360 vindicta
648 328 776 360 tamen
815 322 1030 373 rarissima,
1073 320 1287 372 agebatque
1331 322 1512 375 medium,

133 389 155 419 4
174 381 339 432 plurima
373 380 639 431 dissimulans,
672 379 797 430 aliqua
823 378 1014 418 inhibens.
1056 378 1180 417 hiems
1207 379 1513 420 emolumentum

174 440 314 490 patrati
347 437 437 475 belli
469 438 650 489 eontulit,
683 438 749 476 sed
777 438 999 488 insequenti
1031 443 1176 476 aestate
1209 440 1335 476 omnis
1363 438 1512 478 Panno-

174 498 237 534 nia
279 496 453 545 reliquiis
495 498 616 534 totius
657 495 746 534 belli
787 498 827 534 in
866 495 1052 534 Delmatia
1092 495 1340 535 manentibus
1379 509 1549 548 pacems

175 555 296 606 petiit.
360 555 531 592 l'eroeem
569 554 671 592 illam
704 560 760 593 tot
798 554 946 592 milium
979 555 1240 606 iuventutem,
1276 554 1390 605 paulo
1426 562 1513 594 ante

176 614 404 651 servitutem
431 614 614 651 minatam
641 612 787 665 ltaliae,
821 613 1089 651 conferentem
1115 624 1237 664 arma,
1271 612 1413 663 quibus
1446 625 1514 652 usa

175 677 275 722 erat,
307 670 407 721 apud
441 670 585 709 flumen
619 673 773 709 nomine
806 670 1014 709 Bathinum
1046 676 1440 722 prosternentemque
1473 684 1514 710 se

174 731 396 768 universam
434 729 599 779 genibus
631 731 894 780 imperatoris,
932 728 1195 780 Batonemque
1236 736 1273 768 et
1310 729 1514 769 Pinnetem

175 787 460 826 excelsissimos
482 787 618 840 (luces,
645 794 801 838 captum
821 790 1008 834 alterum,
1035 787 1201 825 alterum
1227 799 1246 825 a
1276 799 1316 826 se
1341 787 1514 827 deditum
1536 804 1568 828 10

135 853 155 884 5
176 848 289 884 iustis
321 845 582 884 voluminibus
614 846 749 884 ordine
783 845 1043 897 narrabinms,
1076 851 1117 883 ut
1150 857 1276 896 spero.
1328 852 1514 885 autumno

176 907 299 943 victor
331 906 370 942 in
409 904 569 942 hiberna
604 904 805 943 reducitur
837 905 1051 956 exercitis,
1089 905 1201 942 cuius
1239 904 1420 942 omnibus
1452 916 1514 943 co-

174 964 250 1014 piis
282 975 302 1000 a
335 961 497 1001 Caesare
537 962 583 1000 M.
616 962 784 1013 Lepidus
822 964 1044 1013 praefectus
1082 968 1158 1013 est,
1197 963 1254 1000 vir
1292 964 1439 1001 nomini
1472 975 1514 1001 ac

175 1021 354 1059 fortunae
389 1020 597 1059 Caesarum
629 1022 848 1072 proximus,
889 1032 1021 1071 quem·
1043 1022 1083 1058 in
1121 1026 1309 1070 quantum
1348 1022 1514 1072 quisque

176 1085 243 1117 aut
274 1090 510 1129 cognoscere
551 1085 615 1116 aut
647 1078 871 1129 intellegere
910 1079 1053 1129 potuit,
1092 1079 1131 1116 in
1170 1084 1320 1117 tantum
1352 1080 1516 1117 miratur
1537 1095 1569 1120 15

176 1149 219 1175 ae
251 1136 373 1187 diligit
406 1142 682 1186 tantorumque
715 1138 935 1188 nominum,
973 1135 1115 1186 quibus
1148 1142 1258 1175 ortus
1290 1143 1366 1188 est,
1404 1149 1515 1176 orna-

174 1201 350 1233 mentum
383 1194 539 1233 iudicat.

136 1262 153 1292 1
297 1250 390 1292 115.
454 1252 594 1291 Caesar
625 1252 671 1291 ad
703 1252 864 1291 alteram
901 1252 991 1291 belli
1023 1251 1226 1291 Delmatici
1257 1252 1398 1292 molem
1436 1255 1515 1292 ani-

176 1323 283 1350 mum
316 1317 431 1362 atque
465 1322 569 1349 arma
601 1310 777 1349 contulit.
832 1312 872 1348 in
905 1323 980 1361 qua
1012 1312 1169 1361 regione
1203 1311 1305 1361 quali
1339 1311 1514 1350 adiutore

176 1370 380 1420 legatoque
425 1370 544 1407 fratre
595 1381 680 1407 meo
725 1369 848 1419 Magio
893 1368 1026 1407 Celere
1076 1368 1270 1407 Velleiano
1315 1382 1410 1408 usus
1455 1371 1569 1422 sit‚20

176 1430 300 1479 ipsius
326 1429 525 1478 patrisque
553 1429 637 1465 eius
663 1427 950 1478 praedicatione
978 1432 1161 1465 testatum
1183 1434 1241 1466 est
1264 1434 1301 1466 et
1328 1427 1515 1479 amplissi-

177 1498 330 1524 morum
362 1486 573 1537 honorum,
605 1485 747 1535 quibus
779 1485 1024 1536 triumphans
1056 1497 1146 1524 eum
1179 1485 1319 1524 Caesar
1350 1486 1517 1538 donavit,

136 1546 303 1595 2sig11at
341 1545 538 1582 memoria.
606 1545 716 1582 initio
755 1545 911 1582 aestatis
950 1543 1120 1595 Lepidus
1161 1544 1300 1582 educto
1342 1543 1516 1584 hibernis

274 1661 290 1691 1
317 1656 500 1690 interdum
519 1666 641 1690 censor
660 1657 699 1690 in
719 1655 847 1699 ephe-m.
869 1654 1029 1699 Gottiny.
1050 1656 1097 1698 (a.
1120 1659 1222 1699 1779,
1242 1656 1340 1691 Add.
1355 1667 1395 1701 p.
1418 1659 1515 1701 121):

176 1704 296 1737 inerat
323 1703 396 1737 1212
511 1707 530 1737 2
557 1702 709 1737 *tamen
734 1701 937 1737 rarissima:
965 1702 1195 1736 amarissima
1220 1703 1304 1746 ΑΡ,
1330 1703 1517 1738 rarissima

176 1750 376 1785 Rhenanus
448 1754 467 1784 3
495 1749 728 1783 dissimulans
755 1776 761 1783 .
785 1777 792 1784 .
818 1749 987 1783 inhibens
1013 1750 1222 1784 Acidalius:
1249 1749 1514 1785 dissimulantis

178 1825 185 1830 .
215 1824 221 1830 .
248 1796 447 1831 inhibentis
473 1797 557 1839 AP,
584 1797 628 1839 ef.
658 1796 844 1840 Made-imi
870 1796 1017 1830 Adfers.
1044 1796 1093 1837 ΙΙ,
1121 1800 1189 1830 310
1217 1798 1222 1839 Ι
1250 1796 1414 1840 aliquam
1439 1798 1475 1831 A

178 1843 321 1887 hiemps
348 1844 398 1885 A,
426 1843 563 1887 Hyems
592 1843 628 1876 P
715 1847 736 1877 4
761 1853 835 1877 non
859 1842 945 1876 tulit
971 1842 1116 1877 Friebel
1138 1844 1142 1885 Ι
1165 1842 1243 1887 sed]
1270 1845 1307 1877 et
1331 1843 1483 1888 Lipsius

177 1890 215 1924 in
242 1889 409 1933 sequenti
434 1891 470 1923 A
567 1894 586 1923 6
613 1889 689 1924 fero
715 1899 845 1924 uocem
869 1889 973 1923 illam
999 1889 1033 1923 A
1120 1893 1138 1923 7
1165 1889 1296 1933 quibus
1324 1890 1373 1924 P:
1399 1890 1463 1934 qui
1482 1890 1518 1925 A

274 1941 292 1969 9
321 1936 487 1970 l’inetem
513 1936 596 1977 ΑΙ),
623 1937 667 1978 cf.
696 1940 779 1979 110,
805 1940 827 1970 4
933 1939 975 1970 10
1001 1936 1158 1970 alterum
1182 1937 1284 1971 semel
1308 1936 1385 1970 ΑΡ
1405 1940 1409 1980 Ι
1432 1948 1454 1971 a
1480 1947 1517 1972 se

179 1994 244 2017 om.
272 1982 456 2024 Gelenius,
484 1984 612 2026 sponte
640 1982 808 2026 Cluilius,
836 1993 858 2016 a
882 1981 957 2016 suis
983 1982 1174 2025 Heinsius,
1201 1986 1239 2017 at
1263 1994 1294 2016 v.
1321 1983 1396 2017 Dio
1418 1983 1515 2018 Cass.

179 2034 241 2070 56,
269 2033 312 2063 16
411 2033 451 2063 11
480 2029 645 2063 autumni
670 2029 746 2063 ΛΡ
846 2032 888 2063 13
915 2040 937 2063 a
963 2028 1116 2063 Caesare
1142 2028 1357 2070 Rhenanus,
1388 2029 1516 2064 Caesa-

179 2087 255 2110 rem
282 2075 364 2118 AP,
386 2086 606 2119 praenomen
632 2076 668 2109 M
695 2076 838 2110 addidit
863 2075 985 2110 Burei·
1011 2078 1016 2119 Ι
1044 2075 1201 2110 nominis
1228 2075 1311 2119 AP,
1342 2087 1404 2111 em.
1432 2077 1517 2112 Aci-

179 2123 250 2157 dal.
340 2126 381 2156 14
408 2122 603 2156 Caesarum
630 2123 845 2166 Schefferus:
872 2132 997 2156 eorum
1024 2121 1100 2156 ΑΡ
1179 2126 1220 2156 15
1247 2122 1456 2167 intelligere
1485 2123 1521 2158 P

275 2174 316 2203 19
352 2169 387 2202 in
413 2180 486 2212 qua
512 2168 743 2213 expeditione
770 2168 913 2203 Ruhuk.
1035 2171 1079 2202 ‘20
1111 2168 1304 2203 Velleiano
1331 2169 1516 2205 Gelenius:

179 2215 245 2249 ulli
278 2216 371 2249 ssano
407 2216 500 2258 MP,
543 2215 715 2250 Ullissa'no
747 2216 781 2249 A
920 2218 963 2249 22
1003 2215 1182 2249 honorum
1214 2215 1289 2249 ΑΡ
1324 2216 1518 2259 (donorum

176 2263 283 2305 prius
308 2263 499 2305 scripserat
526 2263 577 2304 A,
612 2263 672 2296 sed
695 2273 731 2297 se
755 2263 830 2306 ipse
855 2262 1035 2305 corriyens
1060 2262 1098 2296 id
1123 2262 1248 2297 delerit
1280 2265 1311 2297 et
1337 2263 1518 2300 honorum

179 2309 217 2342 in
245 2309 358 2343 coda-m
388 2319 486 2343 versu
514 2311 602 2351 (non
628 2319 736 2352 super
761 2310 852 2352 eum)
877 2309 1035 2353 scripsit)
