1635 2572
152 544 170 572 [C

196 135 278 175 110
843 134 874 168 ΙΙ

312 241 404 284 109.
474 243 624 293 Corpus
669 254 782 281 suum
827 242 1130 281 custodientium
1175 243 1398 296 imperium,
1441 257 1527 295 per-

191 304 320 353 petuis
365 302 561 340 exercitiis
606 312 726 351 paene
771 300 817 339 ad
858 299 1051 339 Romanae
1097 299 1320 351 disciplinae
1366 302 1527 341 sormam

191 360 408 411 redactum,
452 359 559 397 brevi
603 360 642 397 in
687 360 862 397 eminens
904 364 942 397 et
989 363 1121 397 nostro
1166 370 1321 409 quoque
1365 360 1527 411 imperio

192 417 406 456 timendum
444 417 627 468 perduxit
668 417 863 468 fastigium
901 416 1137 467 gerebatque
1175 428 1216 455 se
1253 418 1306 455 ita
1344 417 1528 457 adversus

193 476 403 527 Romanos,
435 481 478 514 ut
509 487 636 525 neque
669 474 769 513 bello
802 486 873 513 1105
905 477 1135 522 lacesseret,
1174 480 1212 514 et
1248 477 1284 513 εἰ
1319 475 1526 514 lacessere—

193 540 274 585 tur,
301 545 508 585 superesse
535 533 608 571 sibi
635 534 711 571 vim
737 545 780 572 ae
800 532 1036 571 voluntatem
1058 532 1265 571 resistendi
1292 535 1528 573 ostenderet.

192 592 324 644 legati,
357 603 455 642 quos
488 590 665 630 mittebat
696 591 742 630 ad
777 591 979 643 Caesares,
1011 591 1206 630 interdum
1240 596 1283 630 ut
1314 592 1527 643 supplicem

193 649 532 702 commendabant,
564 650 761 688 interdum
794 656 837 688 ut
867 661 937 701 pro
970 651 1053 700 pari
1085 649 1356 700 loquebantur.
1407 652 1528 701 genti-

192 708 265 747 bus
298 708 599 759 hominibusque
637 720 657 746 a
694 707 806 747 nobis
838 707 1148 746 desciscentibus
1187 714 1269 746 erat
1306 708 1406 759 apud
1439 720 1528 747 euin

192 767 432 819 perfugium,
465 769 505 805 in
535 772 738 818 totumque
765 778 811 805 ex
837 766 934 805 male
962 765 1201 804 dissimulato
1235 765 1370 816 agebat
1399 778 1526 805 aemu-

192 825 289 876 lum;
342 826 654 877 exercitumque,
705 836 821 875 quem
865 825 1108 875 septuaginta
1152 824 1300 862 milium
1344 825 1529 876 peditum,

193 889 377 934 quattuor
404 885 580 934 equitum
607 884 768 935 fecerat,
801 882 971 921 adsiduis
998 882 1182 921 adversus
1209 883 1393 921 finitimos
1419 883 1530 921 bellis

193 941 410 980 exercendo
444 943 579 980 maiori
611 953 743 993 quam,
776 940 877 991 quod
904 940 1087 992 habebat,
1119 942 1227 992 operi
1260 941 1529 992 praeparabat:

193 1006 352 1050 eratque
386 1001 501 1038 etiam
532 1011 576 1038 eo
604 999 816 1051 timendus,
849 999 951 1049 quod
985 1011 1074 1037 cum
1100 998 1344 1037 Germaniam
1377 999 1422 1037 ad
1455 999 1528 1037 lae-

192 1069 277 1096 vam
309 1063 348 1096 et
379 1059 418 1096 in
446 1058 591 1109 fronte,
623 1057 861 1095 Pannoniam
894 1056 939 1094 ad
967 1056 1158 1108 dextram,
1190 1068 1210 1094 a
1242 1063 1351 1107 tergo
1379 1057 1531 1096 sedium

194 1127 352 1154 suarum
385 1115 547 1154 haberet
577 1115 757 1167 Noricos,
788 1121 986 1166 tamquam
1017 1116 1056 1153 in
1088 1126 1223 1153 omnes
1256 1127 1410 1166 semper
1441 1127 1530 1154 ven—

193 1180 306 1213 turus
338 1173 384 1212 ab
417 1173 597 1212 omnibus
630 1173 850 1212 timebatur.
896 1185 967 1212 1166
1000 1184 1178 1212 securam
1207 1174 1439 1212 incrementi
1471 1174 1532 1212 sui

192 1231 412 1283 patiebatur
455 1244 539 1270 esse
581 1231 745 1284 ltaliam,
790 1233 933 1282 quippe
978 1242 1066 1270 cum
1111 1243 1131 1269 a
1175 1233 1336 1270 summis
1378 1231 1532 1283 Alpium

193 1292 311 1341 iugis,
353 1302 450 1341 quae
489 1290 606 1328 finem
643 1290 772 1328 Italiae
813 1291 1039 1341 terminant,
1083 1290 1237 1328 initium
1275 1291 1358 1328 eius
1396 1290 1531 1328 finium

194 1348 294 1387 liaud
327 1348 448 1387 multo
481 1348 568 1399 plus
601 1348 780 1387 ducentis
813 1347 969 1386 milibus
1001 1359 1186 1398 passuum
1219 1347 1382 1386 abesset.
1427 1347 1529 1386 1111116

194 1408 320 1445 virum
352 1412 390 1444 et
421 1406 520 1444 hanc
552 1408 752 1457 regionem
783 1407 958 1457 proximo
986 1417 1085 1444 anno
1113 1405 1276 1444 diversis
1309 1418 1328 1444 6
1354 1405 1530 1457 partibus

195 1464 251 1503 Ti.
273 1464 412 1503 Caesar
433 1464 591 1515 adgredi
621 1466 766 1503 statuit.
812 1463 944 1502 Sentio
974 1463 1183 1502 Saturnino
1216 1464 1455 1515 mandatum,
1487 1470 1531 1502 ut

194 1535 263 1574 per
294 1522 425 1562 Cattos
464 1524 604 1561 excisis
642 1521 932 1561 continentibus
965 1521 1179 1573 Hercyniae
1212 1521 1316 1560 silvis
1358 1522 1530 1573 legiones

194 1581 470 1620 Boiohaemum
493 1576 550 1633 (id
572 1582 734 1633 regioni,
755 1592 869 1631 quam
890 1578 1367 1631 incolebatMaroboduus,
1388 1592 1529 1618 nomen

194 1636 290 1692 est),
322 1641 405 1690 ipse
435 1651 454 1677 a
482 1638 697 1690 Carnunto,
730 1640 796 1689 qui
826 1638 936 1677 locus
962 1637 1093 1676 Norici
1119 1639 1229 1688 regni
1255 1639 1456 1688 proximus
1483 1637 1528 1676 ab

192 1697 263 1736 liae
296 1703 404 1748 parte
432 1703 532 1749 erat,
564 1698 795 1748 exercitum,
828 1698 895 1748 qui
925 1697 965 1734 in
992 1695 1142 1747 Illyrico
1170 1695 1354 1748 merebat,
1386 1695 1529 1735 ducere

193 1757 231 1794 111
265 1756 559 1794 Marcomannos
591 1767 704 1794 orsus
736 1760 806 1794 est.

289 1907 305 1936 1
337 1902 620 1937 custodientium
652 1902 823 1947 Mada-iq:
851 1901 1018 1936 custodia
1042 1904 1119 1936 tum
1146 1901 1234 1943 AP3
1264 1902 1431 1946 priorum
1456 1903 1530 1936 ten-

194 1950 333 1984 tamina
358 1960 388 1984 v.
416 1949 516 1992 apud
541 1949 726 1983 Kritzium
834 1952 853 1982 5
880 1948 1092 1991 lacesseret,
1119 1950 1155 1982 at
1183 1948 1212 1982 si
1237 1949 1413 1992 supplevit
1438 1947 1530 1982 Rhe-

193 2007 313 2030 nanus
422 2000 441 2030 6
469 1995 679 2030 ostenderet
704 1995 785 2029 add.
813 1995 982 2029 Burman
1088 1998 1128 2028 10
1155 1993 1191 2028 in
1217 1995 1299 2029 add.
1327 1995 1530 2036 Acidaliae,

194 2044 237 2085 cf.
268 2043 434 2086 Madviq.
461 2043 553 2076 Adv.
582 2042 631 2085 II,
658 2046 724 2076 309
753 2043 938 2085 <totusque
965 2041 1154 2081 Heinsius)
1251 2045 1290 2074 11
1319 2041 1530 2083 exercitum,

195 2100 301 2133 quem
328 2090 451 2123 malim
474 2091 477 2132 Ι
500 2088 607 2122 LXX.
631 2089 692 2122 M:
720 2088 792 2122 Lx.
820 2088 896 2123 ΑΡ
972 2091 1011 2121 12
1039 2088 1196 2130 quatuor
1217 2087 1291 2121 ΛΡ
1364 2091 1405 2122 13
1433 2087 1531 2131 quod

195 2136 329 2180 agebat
353 2136 523 2170 Burman
556 2136 560 2179 1
596 2136 655 2179 opi
681 2135 716 2168 A
815 2139 855 2169 19
884 2134 959 2168 eius
988 2133 1036 2167 P:
1070 2133 1171 2168 cuius
1199 2134 1280 2167 MA
1379 2137 1422 2168 20
1448 2145 1530 2178 pas-

195 2194 275 2217 sum
301 2183 335 2217 A
433 2186 476 2216 22
504 2181 557 2216 Ti.
588 2182 635 2215 1³:
663 2181 703 2215 T.
730 2181 765 2215 A
862 2184 904 2215 23
932 2179 1083 2214 Catthos
1111 2180 1185 2214 ΛΡ
1278 2184 1322 2214 ‘24
1348 2180 1529 2215 1301301186-

194 2241 292 2263 mum
319 2229 365 2269 A,
392 2228 658 2263 Boiohoemum
683 2228 731 2268 1’;
759 2227 908 2262 duceret
933 2227 1077 2261 addidit
1097 2226 1247 2271 Lipsius
1335 2231 1378 2261 25
1404 2238 1426 2261 a
1446 2226 1530 2262 Car-

193 2278 308 2309 nunto
338 2276 386 2309 P:
415 2276 623 2310 Actu-nanto
651 2276 688 2319 (s.
718 2275 738 2308 1.
766 2275 818 2308 Ac
844 2273 1037 2317 arnumho)
1065 2274 1099 2307 A
1197 2277 1239 2308 ‘36
1267 2273 1417 2308 duceret
1441 2273 1499 2308 A·

1550 776 1585 800 10

1554 1065 1584 1091 15

1551 1356 1584 1382 20

1550 1646 1583 1672 25

1622 1701 1635 1799 ⁴1⁴1
