<?xml version="1.0" encoding="UTF-8"?>
<!DOCTYPE html PUBLIC "-//W3C//DTD XHTML 1.0 Transitional//EN"
    "http://www.w3.org/TR/xhtml1/DTD/xhtml1-transitional.dtd">
<html xmlns="http://www.w3.org/1999/xhtml" xml:lang="en" lang="en">
 <head>
  <title>
</title>
<meta http-equiv="Content-Type" content="text/html;charset=utf-8" />
  <meta name='ocr-system' content='tesseract 3.04.00' />
  <meta name='ocr-capabilities' content='ocr_page ocr_carea ocr_par ocr_line ocrx_word'/>
</head>
<body>
  <div class='ocr_page' id='page_1' title='image "./exhistoriaeroman00velluoft_0108.png"; bbox 0 0 1635 2572; ppageno 0'>
   <div class='ocr_carea' id='block_1_1' title="bbox 172 124 856 166">
    <p class='ocr_par' dir='ltr' id='par_1_1' title="bbox 172 124 856 166">
     <span class='ocr_line' id='line_1_1' title="bbox 172 124 856 166; baseline -0.013 0"><span class='ocrx_word' id='word_1_1' title='bbox 172 126 254 166; x_wconf 81' lang='lat'>100</span> <span class='ocrx_word' id='word_1_2' title='bbox 825 124 856 158; x_wconf 93' lang='lat' dir='ltr'>Il</span> 
     </span>
    </p>
   </div>
   <div class='ocr_carea' id='block_1_2' title="bbox 129 231 1566 1797">
    <p class='ocr_par' dir='ltr' id='par_1_2' title="bbox 169 231 1506 399">
     <span class='ocr_line' id='line_1_2' title="bbox 170 231 1506 286; baseline -0.004 -12"><span class='ocrx_word' id='word_1_3' title='bbox 170 240 306 286; x_wconf 85' lang='lat' dir='ltr'>gentes</span> <span class='ocrx_word' id='word_1_4' title='bbox 332 234 427 272; x_wconf 87' lang='lat' dir='ltr'>locis</span> <span class='ocrx_word' id='word_1_5' title='bbox 454 235 684 283; x_wconf 83' lang='lat' dir='ltr'>tutissimas,</span> <span class='ocrx_word' id='word_1_6' title='bbox 711 232 817 270; x_wconf 91' lang='lat' dir='ltr'>aditu</span> <span class='ocrx_word' id='word_1_7' title='bbox 843 231 1106 282; x_wconf 81' lang='lat' dir='ltr'>difficillimas,</span> <span class='ocrx_word' id='word_1_8' title='bbox 1136 242 1299 269; x_wconf 87' lang='lat' dir='ltr'>numero</span> <span class='ocrx_word' id='word_1_9' title='bbox 1326 232 1506 282; x_wconf 84' lang='lat' dir='ltr'>frequen-</span> 
     </span>
     <span class='ocr_line' id='line_1_3' title="bbox 169 288 1506 345; baseline -0.004 -13"><span class='ocrx_word' id='word_1_10' title='bbox 169 300 245 345; x_wconf 89' lang='lat' dir='ltr'>tes,</span> <span class='ocrx_word' id='word_1_11' title='bbox 295 294 447 331; x_wconf 81' lang='lat' dir='ltr'>feritate</span> <span class='ocrx_word' id='word_1_12' title='bbox 492 297 623 328; x_wconf 88' lang='lat' dir='ltr'>truces</span> <span class='ocrx_word' id='word_1_13' title='bbox 669 291 813 328; x_wconf 87' lang='lat' dir='ltr'>maiore</span> <span class='ocrx_word' id='word_1_14' title='bbox 859 301 947 328; x_wconf 89' lang='lat' dir='ltr'>cum</span> <span class='ocrx_word' id='word_1_15' title='bbox 992 288 1165 340; x_wconf 86' lang='lat' dir='ltr'>periculo</span> <span class='ocrx_word' id='word_1_16' title='bbox 1210 300 1326 339; x_wconf 88' lang='lat' dir='ltr'>quam</span> <span class='ocrx_word' id='word_1_17' title='bbox 1368 289 1506 328; x_wconf 89' lang='lat' dir='ltr'>damno</span> 
     </span>
     <span class='ocr_line' id='line_1_4' title="bbox 170 348 1506 399; baseline -0.004 -10"><span class='ocrx_word' id='word_1_18' title='bbox 170 352 333 390; x_wconf 80' lang='lat' dir='ltr'>Romani</span> <span class='ocrx_word' id='word_1_19' title='bbox 384 350 596 399; x_wconf 87' lang='lat' dir='ltr'>exercitus,</span> <span class='ocrx_word' id='word_1_20' title='bbox 646 348 813 399; x_wconf 90' lang='lat' dir='ltr'>plurimo</span> <span class='ocrx_word' id='word_1_21' title='bbox 859 359 948 386; x_wconf 90' lang='lat' dir='ltr'>cum</span> <span class='ocrx_word' id='word_1_22' title='bbox 1001 359 1135 385; x_wconf 88' lang='lat' dir='ltr'>earum</span> <span class='ocrx_word' id='word_1_23' title='bbox 1186 348 1372 398; x_wconf 80' lang='lat' dir='ltr'>sanguine</span> <span class='ocrx_word' id='word_1_24' title='bbox 1421 359 1506 398; x_wconf 88' lang='lat' dir='ltr'>per-</span> 
     </span>
    </p>

    <p class='ocr_par' dir='ltr' id='par_1_3' title="bbox 129 404 1544 749">
     <span class='ocr_line' id='line_1_5' title="bbox 129 404 1508 457; baseline -0.004 -9"><span class='ocrx_word' id='word_1_25' title='bbox 129 418 149 448; x_wconf 83' lang='lat'><strong>3</strong></span> <span class='ocrx_word' id='word_1_26' title='bbox 172 411 417 448; x_wconf 84' lang='lat' dir='ltr'>domuerunt.</span> <span class='ocrx_word' id='word_1_27' title='bbox 451 413 538 444; x_wconf 83' lang='lat' dir='ltr'>ante</span> <span class='ocrx_word' id='word_1_28' title='bbox 560 418 659 457; x_wconf 88' lang='lat' dir='ltr'>quae</span> <span class='ocrx_word' id='word_1_29' title='bbox 687 413 860 456; x_wconf 87' lang='lat' dir='ltr'>tempora</span> <span class='ocrx_word' id='word_1_30' title='bbox 881 417 1048 444; x_wconf 87' lang='lat' dir='ltr'>censura</span> <span class='ocrx_word' id='word_1_31' title='bbox 1075 405 1206 443; x_wconf 84' lang='lat' dir='ltr'>Planci</span> <span class='ocrx_word' id='word_1_32' title='bbox 1226 411 1265 443; x_wconf 91' lang='lat' dir='ltr'>et</span> <span class='ocrx_word' id='word_1_33' title='bbox 1291 404 1399 443; x_wconf 87' lang='lat' dir='ltr'>Pauli</span> <span class='ocrx_word' id='word_1_34' title='bbox 1426 410 1508 443; x_wconf 88' lang='lat' dir='ltr'>acta</span> 
     </span>
     <span class='ocr_line' id='line_1_6' title="bbox 170 462 1544 515; baseline -0.003 -10"><span class='ocrx_word' id='word_1_35' title='bbox 170 470 272 506; x_wconf 89' lang='lat' dir='ltr'>inter</span> <span class='ocrx_word' id='word_1_36' title='bbox 310 464 544 504; x_wconf 77' lang='lat' dir='ltr'>discordiam</span> <span class='ocrx_word' id='word_1_37' title='bbox 581 476 708 515; x_wconf 90' lang='lat' dir='ltr'>neque</span> <span class='ocrx_word' id='word_1_38' title='bbox 752 466 847 515; x_wconf 85' lang='lat' dir='ltr'>ipsis</span> <span class='ocrx_word' id='word_1_39' title='bbox 891 463 1030 502; x_wconf 92' lang='lat' dir='ltr'>honori</span> <span class='ocrx_word' id='word_1_40' title='bbox 1071 475 1197 514; x_wconf 90' lang='lat' dir='ltr'>neque</span> <span class='ocrx_word' id='word_1_41' title='bbox 1236 465 1293 502; x_wconf 91' lang='lat' dir='ltr'>rei</span> <span class='ocrx_word' id='word_1_42' title='bbox 1331 462 1544 514; x_wconf 71' lang='lat' dir='ltr'>publicaefi·</span> 
     </span>
     <span class='ocr_line' id='line_1_7' title="bbox 172 521 1509 574; baseline -0.003 -11"><span class='ocrx_word' id='word_1_43' title='bbox 172 526 260 564; x_wconf 83' lang='lat' dir='ltr'>usui</span> <span class='ocrx_word' id='word_1_44' title='bbox 298 525 442 574; x_wconf 84' lang='lat' dir='ltr'>suerat,</span> <span class='ocrx_word' id='word_1_45' title='bbox 481 535 569 561; x_wconf 91' lang='lat' dir='ltr'>cum</span> <span class='ocrx_word' id='word_1_46' title='bbox 608 522 719 561; x_wconf 89' lang='lat' dir='ltr'>alteri</span> <span class='ocrx_word' id='word_1_47' title='bbox 757 524 813 560; x_wconf 80' lang='lat' dir='ltr'>vis</span> <span class='ocrx_word' id='word_1_48' title='bbox 852 523 1045 573; x_wconf 87' lang='lat' dir='ltr'>censoria,</span> <span class='ocrx_word' id='word_1_49' title='bbox 1083 521 1194 560; x_wconf 89' lang='lat' dir='ltr'>alteri</span> <span class='ocrx_word' id='word_1_50' title='bbox 1231 523 1305 560; x_wconf 74' lang='lat' dir='ltr'>vita</span> <span class='ocrx_word' id='word_1_51' title='bbox 1345 521 1509 572; x_wconf 87' lang='lat' dir='ltr'>deesset,</span> 
     </span>
     <span class='ocr_line' id='line_1_8' title="bbox 170 579 1508 632; baseline -0.004 -10"><span class='ocrx_word' id='word_1_52' title='bbox 170 582 314 622; x_wconf 87' lang='lat' dir='ltr'>Paulus</span> <span class='ocrx_word' id='word_1_53' title='bbox 352 584 412 620; x_wconf 78' lang='lat' dir='ltr'>vix</span> <span class='ocrx_word' id='word_1_54' title='bbox 451 587 584 632; x_wconf 83' lang='lat' dir='ltr'>posset</span> <span class='ocrx_word' id='word_1_55' title='bbox 616 580 776 632; x_wconf 89' lang='lat' dir='ltr'>implere</span> <span class='ocrx_word' id='word_1_56' title='bbox 810 592 1032 631; x_wconf 79' lang='lat' dir='ltr'>censorem,</span> <span class='ocrx_word' id='word_1_57' title='bbox 1070 580 1235 618; x_wconf 82' lang='lat' dir='ltr'>Plancus</span> <span class='ocrx_word' id='word_1_58' title='bbox 1274 582 1412 618; x_wconf 88' lang='lat' dir='ltr'>timere</span> <span class='ocrx_word' id='word_1_59' title='bbox 1445 579 1508 617; x_wconf 91' lang='lat' dir='ltr'>de-</span> 
     </span>
     <span class='ocr_line' id='line_1_9' title="bbox 170 638 1510 692; baseline -0.003 -12"><span class='ocrx_word' id='word_1_60' title='bbox 170 642 299 692; x_wconf 80' lang='lat' dir='ltr'><strong>beret,</strong></span> <span class='ocrx_word' id='word_1_61' title='bbox 344 652 416 679; x_wconf 86' lang='lat' dir='ltr'>nec</span> <span class='ocrx_word' id='word_1_62' title='bbox 455 639 666 690; x_wconf 82' lang='lat' dir='ltr'>quidquam</span> <span class='ocrx_word' id='word_1_63' title='bbox 704 638 872 677; x_wconf 89' lang='lat' dir='ltr'>obiicere</span> <span class='ocrx_word' id='word_1_64' title='bbox 918 644 1050 690; x_wconf 90' lang='lat' dir='ltr'>posset</span> <span class='ocrx_word' id='word_1_65' title='bbox 1088 638 1403 677; x_wconf 80' lang='lat' dir='ltr'>adulescentibus</span> <span class='ocrx_word' id='word_1_66' title='bbox 1445 644 1510 676; x_wconf 88' lang='lat' dir='ltr'>aut</span> 
     </span>
     <span class='ocr_line' id='line_1_10' title="bbox 172 697 1253 749; baseline -0.004 -11"><span class='ocrx_word' id='word_1_67' title='bbox 172 700 401 738; x_wconf 88' lang='lat' dir='ltr'>obiicientes</span> <span class='ocrx_word' id='word_1_68' title='bbox 434 698 585 749; x_wconf 86' lang='lat' dir='ltr'>audire,</span> <span class='ocrx_word' id='word_1_69' title='bbox 617 697 720 748; x_wconf 87' lang='lat' dir='ltr'>quod</span> <span class='ocrx_word' id='word_1_70' title='bbox 753 709 830 735; x_wconf 92' lang='lat' dir='ltr'>non</span> <span class='ocrx_word' id='word_1_71' title='bbox 864 702 1091 747; x_wconf 85' lang='lat' dir='ltr'>agnosceret</span> <span class='ocrx_word' id='word_1_72' title='bbox 1125 709 1253 735; x_wconf 80' lang='lat' dir='ltr'>senex.</span> 
     </span>
    </p>

    <p class='ocr_par' dir='ltr' id='par_1_4' title="bbox 133 753 1564 1041">
     <span class='ocr_line' id='line_1_11' title="bbox 133 753 1564 806; baseline -0.006 -9"><span class='ocrx_word' id='word_1_73' title='bbox 133 767 149 796; x_wconf 89' lang='lat'>1</span> <span class='ocrx_word' id='word_1_74' title='bbox 290 755 357 796; x_wconf 82' lang='lat'>96.</span> <span class='ocrx_word' id='word_1_75' title='bbox 407 757 510 795; x_wconf 87' lang='lat' dir='ltr'>Mors</span> <span class='ocrx_word' id='word_1_76' title='bbox 543 756 681 794; x_wconf 87' lang='lat' dir='ltr'>deinde</span> <span class='ocrx_word' id='word_1_77' title='bbox 710 756 917 806; x_wconf 81' lang='lat' dir='ltr'>Agrippae,</span> <span class='ocrx_word' id='word_1_78' title='bbox 950 757 1016 806; x_wconf 92' lang='lat' dir='ltr'>qui</span> <span class='ocrx_word' id='word_1_79' title='bbox 1043 757 1251 793; x_wconf 79' lang='lat' dir='ltr'>novitatem</span> <span class='ocrx_word' id='word_1_80' title='bbox 1278 766 1387 793; x_wconf 86' lang='lat' dir='ltr'>suam</span> <span class='ocrx_word' id='word_1_81' title='bbox 1414 753 1507 792; x_wconf 91' lang='lat' dir='ltr'>mul·</span> <span class='ocrx_word' id='word_1_82' title='bbox 1533 766 1564 790; x_wconf 82' lang='lat'>10</span> 
     </span>
     <span class='ocr_line' id='line_1_12' title="bbox 172 813 1510 864; baseline -0.004 -8"><span class='ocrx_word' id='word_1_83' title='bbox 172 819 221 856; x_wconf 90' lang='lat' dir='ltr'>tis</span> <span class='ocrx_word' id='word_1_84' title='bbox 265 816 384 854; x_wconf 87' lang='lat' dir='ltr'>rebus</span> <span class='ocrx_word' id='word_1_85' title='bbox 429 814 697 853; x_wconf 74' lang='lat' dir='ltr'>nobilitaverat</span> <span class='ocrx_word' id='word_1_86' title='bbox 741 820 855 864; x_wconf 89' lang='lat' dir='ltr'>atque</span> <span class='ocrx_word' id='word_1_87' title='bbox 901 815 939 852; x_wconf 93' lang='lat' dir='ltr'>in</span> <span class='ocrx_word' id='word_1_88' title='bbox 983 813 1056 851; x_wconf 89' lang='lat' dir='ltr'>hoc</span> <span class='ocrx_word' id='word_1_89' title='bbox 1097 813 1348 864; x_wconf 82' lang='lat' dir='ltr'>perduxerat,</span> <span class='ocrx_word' id='word_1_90' title='bbox 1393 819 1435 850; x_wconf 88' lang='lat' dir='ltr'>nt</span> <span class='ocrx_word' id='word_1_91' title='bbox 1473 819 1510 850; x_wconf 90' lang='lat' dir='ltr'>et</span> 
     </span>
     <span class='ocr_line' id='line_1_13' title="bbox 171 870 1510 924; baseline -0.004 -10"><span class='ocrx_word' id='word_1_92' title='bbox 171 875 338 914; x_wconf 82' lang='lat' dir='ltr'>Neronis</span> <span class='ocrx_word' id='word_1_93' title='bbox 371 879 475 912; x_wconf 89' lang='lat' dir='ltr'>esset</span> <span class='ocrx_word' id='word_1_94' title='bbox 508 885 636 924; x_wconf 88' lang='lat' dir='ltr'>socer,</span> <span class='ocrx_word' id='word_1_95' title='bbox 677 874 866 922; x_wconf 87' lang='lat' dir='ltr'>cuiusque</span> <span class='ocrx_word' id='word_1_96' title='bbox 906 871 1049 910; x_wconf 90' lang='lat' dir='ltr'>liberos</span> <span class='ocrx_word' id='word_1_97' title='bbox 1083 878 1243 922; x_wconf 78' lang='lat' dir='ltr'><strong>nepotes</strong></span> <span class='ocrx_word' id='word_1_98' title='bbox 1277 883 1368 909; x_wconf 85' lang='lat' dir='ltr'>suos</span> <span class='ocrx_word' id='word_1_99' title='bbox 1399 870 1510 909; x_wconf 83' lang='lat' dir='ltr'>divus</span> 
     </span>
     <span class='ocr_line' id='line_1_14' title="bbox 172 929 1511 984; baseline -0.004 -12"><span class='ocrx_word' id='word_1_100' title='bbox 172 935 370 984; x_wconf 85' lang='lat' dir='ltr'>Augustus</span> <span class='ocrx_word' id='word_1_101' title='bbox 403 932 635 982; x_wconf 87' lang='lat' dir='ltr'>praepositis</span> <span class='ocrx_word' id='word_1_102' title='bbox 668 930 736 969; x_wconf 89' lang='lat' dir='ltr'>Gai</span> <span class='ocrx_word' id='word_1_103' title='bbox 774 942 816 969; x_wconf 88' lang='lat' dir='ltr'>ac</span> <span class='ocrx_word' id='word_1_104' title='bbox 849 929 959 968; x_wconf 87' lang='lat' dir='ltr'>Lucii</span> <span class='ocrx_word' id='word_1_105' title='bbox 991 929 1213 968; x_wconf 86' lang='lat' dir='ltr'>nominibus</span> <span class='ocrx_word' id='word_1_106' title='bbox 1252 929 1511 980; x_wconf 80' lang='lat' dir='ltr'>adoptaverat,</span> 
     </span>
     <span class='ocr_line' id='line_1_15' title="bbox 173 987 1510 1041; baseline -0.004 -11"><span class='ocrx_word' id='word_1_107' title='bbox 173 992 342 1030; x_wconf 85' lang='lat' dir='ltr'>admovit</span> <span class='ocrx_word' id='word_1_108' title='bbox 373 992 534 1041; x_wconf 87' lang='lat' dir='ltr'>propius</span> <span class='ocrx_word' id='word_1_109' title='bbox 566 989 762 1027; x_wconf 81' lang='lat' dir='ltr'>Neronem</span> <span class='ocrx_word' id='word_1_110' title='bbox 795 988 965 1026; x_wconf 76' lang='lat' dir='ltr'>Caesari:</span> <span class='ocrx_word' id='word_1_111' title='bbox 1004 990 1147 1038; x_wconf 86' lang='lat' dir='ltr'>quippe</span> <span class='ocrx_word' id='word_1_112' title='bbox 1181 987 1255 1026; x_wconf 82' lang='lat' dir='ltr'>lilia</span> <span class='ocrx_word' id='word_1_113' title='bbox 1288 987 1382 1025; x_wconf 84' lang='lat' dir='ltr'>iulia</span> <span class='ocrx_word' id='word_1_114' title='bbox 1415 988 1510 1038; x_wconf 63' lang='lat' dir='ltr'>eim,</span> 
     </span>
    </p>

    <p class='ocr_par' dir='ltr' id='par_1_5' title="bbox 131 1044 1566 1272">
     <span class='ocr_line' id='line_1_16' title="bbox 131 1044 1566 1101; baseline -0.004 -13"><span class='ocrx_word' id='word_1_115' title='bbox 131 1058 151 1088; x_wconf 78' lang='lat'>2</span> <span class='ocrx_word' id='word_1_116' title='bbox 174 1061 270 1101; x_wconf 84' lang='lat' dir='ltr'>quac</span> <span class='ocrx_word' id='word_1_117' title='bbox 305 1050 431 1087; x_wconf 84' lang='lat' dir='ltr'>suerat</span> <span class='ocrx_word' id='word_1_118' title='bbox 463 1049 653 1098; x_wconf 81' lang='lat' dir='ltr'>Agrippae</span> <span class='ocrx_word' id='word_1_119' title='bbox 688 1053 824 1097; x_wconf 87' lang='lat' dir='ltr'>nupta,</span> <span class='ocrx_word' id='word_1_120' title='bbox 857 1045 1002 1084; x_wconf 81' lang='lat' dir='ltr'>Neroni</span> <span class='ocrx_word' id='word_1_121' title='bbox 1035 1047 1176 1096; x_wconf 80' lang='lat' dir='ltr'>nupsit.</span> <span class='ocrx_word' id='word_1_122' title='bbox 1236 1045 1399 1084; x_wconf 84' lang='lat' dir='ltr'>subinde</span> <span class='ocrx_word' id='word_1_123' title='bbox 1433 1044 1510 1083; x_wconf 90' lang='lat' dir='ltr'>bel·</span> <span class='ocrx_word' id='word_1_124' title='bbox 1535 1057 1566 1082; x_wconf 86' lang='lat'>15</span> 
     </span>
     <span class='ocr_line' id='line_1_17' title="bbox 174 1103 1510 1156; baseline -0.004 -10"><span class='ocrx_word' id='word_1_125' title='bbox 174 1108 253 1146; x_wconf 90' lang='lat' dir='ltr'>lum</span> <span class='ocrx_word' id='word_1_126' title='bbox 290 1106 575 1156; x_wconf 80' lang='lat' dir='ltr'>Pannonicum,</span> <span class='ocrx_word' id='word_1_127' title='bbox 617 1104 720 1155; x_wconf 89' lang='lat' dir='ltr'>quod</span> <span class='ocrx_word' id='word_1_128' title='bbox 759 1104 981 1142; x_wconf 89' lang='lat' dir='ltr'>inchoatum</span> <span class='ocrx_word' id='word_1_129' title='bbox 1020 1103 1066 1142; x_wconf 92' lang='lat' dir='ltr'>ab</span> <span class='ocrx_word' id='word_1_130' title='bbox 1105 1104 1272 1154; x_wconf 80' lang='lat' dir='ltr'>Agrippa</span> <span class='ocrx_word' id='word_1_131' title='bbox 1304 1103 1510 1153; x_wconf 86' lang='lat' dir='ltr'>Marcoque</span> 
     </span>
     <span class='ocr_line' id='line_1_18' title="bbox 173 1163 1513 1216; baseline -0.002 -14"><span class='ocrx_word' id='word_1_132' title='bbox 173 1166 340 1216; x_wconf 84' lang='lat' dir='ltr'>Vinicio,</span> <span class='ocrx_word' id='word_1_133' title='bbox 373 1176 441 1202; x_wconf 79' lang='lat' dir='ltr'>avo</span> <span class='ocrx_word' id='word_1_134' title='bbox 474 1170 559 1214; x_wconf 89' lang='lat' dir='ltr'>tuo,</span> <span class='ocrx_word' id='word_1_135' title='bbox 592 1163 787 1201; x_wconf 86' lang='lat' dir='ltr'>consulari</span> <span class='ocrx_word' id='word_1_136' title='bbox 819 1174 1001 1212; x_wconf 82' lang='lat' dir='ltr'>magnum</span> <span class='ocrx_word' id='word_1_137' title='bbox 1034 1167 1221 1212; x_wconf 78' lang='lat' dir='ltr'>atroxque</span> <span class='ocrx_word' id='word_1_138' title='bbox 1255 1168 1292 1200; x_wconf 92' lang='lat' dir='ltr'>et</span> <span class='ocrx_word' id='word_1_139' title='bbox 1324 1173 1513 1212; x_wconf 83' lang='lat' dir='ltr'>perquam</span> 
     </span>
     <span class='ocr_line' id='line_1_19' title="bbox 173 1219 1511 1272; baseline -0.003 -11"><span class='ocrx_word' id='word_1_140' title='bbox 173 1225 344 1263; x_wconf 83' lang='lat' dir='ltr'>vicinum</span> <span class='ocrx_word' id='word_1_141' title='bbox 393 1221 620 1261; x_wconf 86' lang='lat' dir='ltr'>imminebat</span> <span class='ocrx_word' id='word_1_142' title='bbox 668 1221 817 1272; x_wconf 87' lang='lat' dir='ltr'>ltaliae,</span> <span class='ocrx_word' id='word_1_143' title='bbox 873 1232 942 1271; x_wconf 88' lang='lat' dir='ltr'>per</span> <span class='ocrx_word' id='word_1_144' title='bbox 992 1219 1187 1258; x_wconf 81' lang='lat' dir='ltr'>Neronem</span> <span class='ocrx_word' id='word_1_145' title='bbox 1239 1226 1392 1271; x_wconf 83' lang='lat' dir='ltr'>gestum</span> <span class='ocrx_word' id='word_1_146' title='bbox 1442 1225 1511 1258; x_wconf 89' lang='lat' dir='ltr'>est.</span> 
     </span>
    </p>

    <p class='ocr_par' dir='ltr' id='par_1_6' title="bbox 133 1278 1566 1562">
     <span class='ocr_line' id='line_1_20' title="bbox 133 1278 1512 1334; baseline -0.004 -13"><span class='ocrx_word' id='word_1_147' title='bbox 133 1288 310 1334; x_wconf 86' lang='lat' dir='ltr'>3gentes</span> <span class='ocrx_word' id='word_1_148' title='bbox 361 1280 652 1319; x_wconf 88' lang='lat' dir='ltr'>Pannoniorum</span> <span class='ocrx_word' id='word_1_149' title='bbox 701 1278 1040 1328; x_wconf 85' lang='lat' dir='ltr'>Delmatarumque</span> <span class='ocrx_word' id='word_1_150' title='bbox 1090 1280 1266 1316; x_wconf 84' lang='lat' dir='ltr'>nationes</span> <span class='ocrx_word' id='word_1_151' title='bbox 1317 1279 1512 1328; x_wconf 87' lang='lat' dir='ltr'>situmque</span> 
     </span>
     <span class='ocr_line' id='line_1_21' title="bbox 174 1336 1566 1391; baseline -0.004 -13"><span class='ocrx_word' id='word_1_152' title='bbox 174 1342 379 1391; x_wconf 85' lang='lat' dir='ltr'>regionum</span> <span class='ocrx_word' id='word_1_153' title='bbox 423 1350 465 1376; x_wconf 89' lang='lat' dir='ltr'>ac</span> <span class='ocrx_word' id='word_1_154' title='bbox 510 1338 714 1376; x_wconf 81' lang='lat' dir='ltr'>fluminum</span> <span class='ocrx_word' id='word_1_155' title='bbox 758 1348 1043 1387; x_wconf 86' lang='lat' dir='ltr'>numerumque</span> <span class='ocrx_word' id='word_1_156' title='bbox 1089 1343 1126 1375; x_wconf 88' lang='lat' dir='ltr'>et</span> <span class='ocrx_word' id='word_1_157' title='bbox 1172 1336 1329 1374; x_wconf 91' lang='lat' dir='ltr'>modum</span> <span class='ocrx_word' id='word_1_158' title='bbox 1372 1337 1512 1374; x_wconf 83' lang='lat' dir='ltr'>virium</span> <span class='ocrx_word' id='word_1_159' title='bbox 1533 1348 1566 1373; x_wconf 63' lang='grc' dir='ltr'>ρο</span> 
     </span>
     <span class='ocr_line' id='line_1_22' title="bbox 175 1393 1513 1446; baseline -0.004 -9"><span class='ocrx_word' id='word_1_160' title='bbox 175 1398 536 1446; x_wconf 74' lang='lat' dir='ltr'>excelsissimasque</span> <span class='ocrx_word' id='word_1_161' title='bbox 582 1402 620 1433; x_wconf 91' lang='lat' dir='ltr'>et</span> <span class='ocrx_word' id='word_1_162' title='bbox 663 1394 896 1445; x_wconf 84' lang='lat' dir='ltr'>multiplices</span> <span class='ocrx_word' id='word_1_163' title='bbox 941 1406 986 1432; x_wconf 90' lang='lat' dir='ltr'>eo</span> <span class='ocrx_word' id='word_1_164' title='bbox 1036 1393 1136 1433; x_wconf 89' lang='lat' dir='ltr'>bello</span> <span class='ocrx_word' id='word_1_165' title='bbox 1185 1395 1367 1433; x_wconf 85' lang='lat' dir='ltr'>victorias</span> <span class='ocrx_word' id='word_1_166' title='bbox 1416 1395 1513 1432; x_wconf 89' lang='lat' dir='ltr'>tanti</span> 
     </span>
     <span class='ocr_line' id='line_1_23' title="bbox 175 1452 1513 1507; baseline -0.003 -13"><span class='ocrx_word' id='word_1_167' title='bbox 175 1457 422 1507; x_wconf 87' lang='lat' dir='ltr'>imperatoris</span> <span class='ocrx_word' id='word_1_168' title='bbox 449 1454 521 1492; x_wconf 89' lang='lat' dir='ltr'>alio</span> <span class='ocrx_word' id='word_1_169' title='bbox 548 1453 632 1491; x_wconf 93' lang='lat' dir='ltr'>loco</span> <span class='ocrx_word' id='word_1_170' title='bbox 659 1452 954 1504; x_wconf 83' lang='lat' dir='ltr'>explicabimus:</span> <span class='ocrx_word' id='word_1_171' title='bbox 980 1452 1053 1491; x_wconf 88' lang='lat' dir='ltr'>hoc</span> <span class='ocrx_word' id='word_1_172' title='bbox 1079 1465 1177 1504; x_wconf 89' lang='lat' dir='ltr'>opus</span> <span class='ocrx_word' id='word_1_173' title='bbox 1203 1458 1331 1491; x_wconf 77' lang='lat' dir='ltr'>servet</span> <span class='ocrx_word' id='word_1_174' title='bbox 1350 1452 1513 1490; x_wconf 86' lang='lat' dir='ltr'>sormam</span> 
     </span>
     <span class='ocr_line' id='line_1_24' title="bbox 176 1510 1459 1562; baseline -0.004 -9"><span class='ocrx_word' id='word_1_175' title='bbox 176 1526 296 1553; x_wconf 89' lang='lat' dir='ltr'>suam.</span> <span class='ocrx_word' id='word_1_176' title='bbox 358 1513 475 1552; x_wconf 82' lang='lat' dir='ltr'>liuius</span> <span class='ocrx_word' id='word_1_177' title='bbox 507 1513 689 1550; x_wconf 77' lang='lat' dir='ltr'>victoriae</span> <span class='ocrx_word' id='word_1_178' title='bbox 723 1523 881 1562; x_wconf 87' lang='lat' dir='ltr'>compos</span> <span class='ocrx_word' id='word_1_179' title='bbox 913 1510 1016 1549; x_wconf 87' lang='lat' dir='ltr'>Nero</span> <span class='ocrx_word' id='word_1_180' title='bbox 1049 1523 1166 1549; x_wconf 82' lang='lat' dir='ltr'>ovans</span> <span class='ocrx_word' id='word_1_181' title='bbox 1198 1510 1459 1561; x_wconf 83' lang='lat' dir='ltr'>triumphavit.</span> 
     </span>
    </p>

    <p class='ocr_par' dir='ltr' id='par_1_7' title="bbox 137 1569 1566 1797">
     <span class='ocr_line' id='line_1_25' title="bbox 137 1569 1513 1620; baseline -0.004 -8"><span class='ocrx_word' id='word_1_182' title='bbox 137 1582 154 1612; x_wconf 92' lang='lat'>1</span> <span class='ocrx_word' id='word_1_183' title='bbox 295 1570 361 1611; x_wconf 80' lang='lat'>97.</span> <span class='ocrx_word' id='word_1_184' title='bbox 425 1570 501 1609; x_wconf 89' lang='lat' dir='ltr'>Sed</span> <span class='ocrx_word' id='word_1_185' title='bbox 533 1569 625 1608; x_wconf 76' lang='lat' dir='ltr'>(lum</span> <span class='ocrx_word' id='word_1_186' title='bbox 658 1571 696 1607; x_wconf 89' lang='lat' dir='ltr'>in</span> <span class='ocrx_word' id='word_1_187' title='bbox 734 1569 804 1607; x_wconf 90' lang='lat' dir='ltr'>hac</span> <span class='ocrx_word' id='word_1_188' title='bbox 837 1575 945 1620; x_wconf 90' lang='lat' dir='ltr'>parte</span> <span class='ocrx_word' id='word_1_189' title='bbox 979 1570 1132 1619; x_wconf 84' lang='lat' dir='ltr'>imperii</span> <span class='ocrx_word' id='word_1_190' title='bbox 1163 1570 1291 1607; x_wconf 89' lang='lat' dir='ltr'>omnia</span> <span class='ocrx_word' id='word_1_191' title='bbox 1322 1575 1513 1619; x_wconf 79' lang='lat' dir='ltr'>geruntur</span> 
     </span>
     <span class='ocr_line' id='line_1_26' title="bbox 176 1626 1566 1681; baseline -0.003 -12"><span class='ocrx_word' id='word_1_192' title='bbox 176 1631 458 1681; x_wconf 74' lang='lat' dir='ltr'>prosperrime,</span> <span class='ocrx_word' id='word_1_193' title='bbox 503 1634 659 1679; x_wconf 86' lang='lat' dir='ltr'>accepta</span> <span class='ocrx_word' id='word_1_194' title='bbox 696 1629 735 1665; x_wconf 91' lang='lat' dir='ltr'>in</span> <span class='ocrx_word' id='word_1_195' title='bbox 774 1626 978 1665; x_wconf 87' lang='lat' dir='ltr'>Germania</span> <span class='ocrx_word' id='word_1_196' title='bbox 1016 1627 1143 1665; x_wconf 85' lang='lat' dir='ltr'>clades</span> <span class='ocrx_word' id='word_1_197' title='bbox 1187 1626 1258 1665; x_wconf 88' lang='lat' dir='ltr'>sub</span> <span class='ocrx_word' id='word_1_198' title='bbox 1303 1626 1426 1677; x_wconf 77' lang='lat' dir='ltr'>legato</span> <span class='ocrx_word' id='word_1_199' title='bbox 1465 1626 1511 1664; x_wconf 85' lang='lat' dir='ltr'>M.</span> <span class='ocrx_word' id='word_1_200' title='bbox 1533 1639 1566 1665; x_wconf 82' lang='lat'>25</span> 
     </span>
     <span class='ocr_line' id='line_1_27' title="bbox 177 1684 1514 1739; baseline -0.003 -13"><span class='ocrx_word' id='word_1_201' title='bbox 177 1688 316 1739; x_wconf 79' lang='lat' dir='ltr'>Lollio,</span> <span class='ocrx_word' id='word_1_202' title='bbox 360 1687 515 1725; x_wconf 89' lang='lat' dir='ltr'>homine</span> <span class='ocrx_word' id='word_1_203' title='bbox 560 1688 600 1724; x_wconf 91' lang='lat' dir='ltr'>in</span> <span class='ocrx_word' id='word_1_204' title='bbox 638 1687 765 1724; x_wconf 90' lang='lat' dir='ltr'>omnia</span> <span class='ocrx_word' id='word_1_205' title='bbox 808 1687 995 1736; x_wconf 90' lang='lat' dir='ltr'>pecuniae</span> <span class='ocrx_word' id='word_1_206' title='bbox 1038 1697 1153 1735; x_wconf 91' lang='lat' dir='ltr'>quam</span> <span class='ocrx_word' id='word_1_207' title='bbox 1197 1690 1302 1723; x_wconf 86' lang='lat' dir='ltr'>recte</span> <span class='ocrx_word' id='word_1_208' title='bbox 1349 1684 1514 1723; x_wconf 79' lang='lat' dir='ltr'>faciendi</span> 
     </span>
     <span class='ocr_line' id='line_1_28' title="bbox 177 1742 1511 1797; baseline -0.004 -12"><span class='ocrx_word' id='word_1_209' title='bbox 177 1746 378 1797; x_wconf 86' lang='lat' dir='ltr'>cupidiore</span> <span class='ocrx_word' id='word_1_210' title='bbox 412 1751 449 1783; x_wconf 91' lang='lat' dir='ltr'>et</span> <span class='ocrx_word' id='word_1_211' title='bbox 478 1747 581 1783; x_wconf 89' lang='lat' dir='ltr'>inter</span> <span class='ocrx_word' id='word_1_212' title='bbox 608 1755 797 1782; x_wconf 85' lang='lat' dir='ltr'>summam</span> <span class='ocrx_word' id='word_1_213' title='bbox 822 1745 1005 1782; x_wconf 80' lang='lat' dir='ltr'>vitiorum</span> <span class='ocrx_word' id='word_1_214' title='bbox 1031 1742 1379 1782; x_wconf 87' lang='lat' dir='ltr'>dissimulationem</span> <span class='ocrx_word' id='word_1_215' title='bbox 1404 1743 1511 1781; x_wconf 91' lang='lat' dir='ltr'>vitio·</span> 
     </span>
    </p>
   </div>
   <div class='ocr_carea' id='block_1_3' title="bbox 178 1854 1516 2311">
    <p class='ocr_par' dir='ltr' id='par_1_8' title="bbox 178 1854 1516 2311">
     <span class='ocr_line' id='line_1_29' title="bbox 273 1854 1455 1903; baseline -0.004 -10"><span class='ocrx_word' id='word_1_216' title='bbox 273 1862 293 1893; x_wconf 89' lang='lat'><strong>3</strong></span> <span class='ocrx_word' id='word_1_217' title='bbox 320 1857 606 1903; x_wconf 71' lang='lat' dir='ltr'>perdomuerunt</span> <span class='ocrx_word' id='word_1_218' title='bbox 632 1856 680 1890; x_wconf 86' lang='lat' dir='ltr'>P:</span> <span class='ocrx_word' id='word_1_219' title='bbox 707 1855 946 1901; x_wconf 84' lang='lat' dir='ltr'>perdomuere</span> <span class='ocrx_word' id='word_1_220' title='bbox 974 1855 1008 1890; x_wconf 99' lang='lat' dir='ltr'><strong><em>A</em></strong></span> <span class='ocrx_word' id='word_1_221' title='bbox 1104 1860 1126 1890; x_wconf 91' lang='grc'><strong>4</strong></span> <span class='ocrx_word' id='word_1_222' title='bbox 1150 1856 1275 1889; x_wconf 76' lang='lat' dir='ltr'>tantae</span> <span class='ocrx_word' id='word_1_223' title='bbox 1301 1865 1395 1899; x_wconf 79' lang='lat' dir='ltr'>quae</span> <span class='ocrx_word' id='word_1_224' title='bbox 1420 1854 1455 1888; x_wconf 91' lang='lat' dir='ltr'><strong><em>A</em></strong></span> 
     </span>
     <span class='ocr_line' id='line_1_30' title="bbox 179 1900 1514 1950; baseline -0.004 -11"><span class='ocrx_word' id='word_1_225' title='bbox 179 1909 198 1939; x_wconf 78' lang='lat'>5</span> <span class='ocrx_word' id='word_1_226' title='bbox 225 1904 296 1950; x_wconf 86' lang='lat' dir='ltr'>ipsi</span> <span class='ocrx_word' id='word_1_227' title='bbox 322 1904 397 1938; x_wconf 71' lang='grc' dir='ltr'>ΑΙ)</span> <span class='ocrx_word' id='word_1_228' title='bbox 491 1908 510 1938; x_wconf 83' lang='grc'>6</span> <span class='ocrx_word' id='word_1_229' title='bbox 537 1903 658 1937; x_wconf 74' lang='lat' dir='ltr'>fuerat</span> <span class='ocrx_word' id='word_1_230' title='bbox 685 1902 812 1938; x_wconf 73' lang='lat' dir='ltr'>Orelli:</span> <span class='ocrx_word' id='word_1_231' title='bbox 837 1903 934 1938; x_wconf 72' lang='lat' dir='ltr'>foret</span> <span class='ocrx_word' id='word_1_232' title='bbox 958 1901 1042 1944; x_wconf 89' lang='grc' dir='ltr'>ΑΡ,</span> <span class='ocrx_word' id='word_1_233' title='bbox 1068 1901 1139 1936; x_wconf 76' lang='lat' dir='ltr'>fuit</span> <span class='ocrx_word' id='word_1_234' title='bbox 1164 1901 1282 1936; x_wconf 80' lang='lat' dir='ltr'>Gelen.</span> <span class='ocrx_word' id='word_1_235' title='bbox 1317 1904 1322 1943; x_wconf 93' lang='grc' dir='ltr'>Ι</span> <span class='ocrx_word' id='word_1_236' title='bbox 1354 1912 1436 1935; x_wconf 85' lang='lat' dir='ltr'>cum</span> <span class='ocrx_word' id='word_1_237' title='bbox 1463 1900 1514 1935; x_wconf 82' lang='lat' dir='ltr'>al-</span> 
     </span>
     <span class='ocr_line' id='line_1_31' title="bbox 178 1947 1468 1989; baseline -0.004 -4"><span class='ocrx_word' id='word_1_238' title='bbox 178 1951 249 1986; x_wconf 83' lang='lat' dir='ltr'>teri</span> <span class='ocrx_word' id='word_1_239' title='bbox 276 1978 283 1985; x_wconf 90' lang='lat'>.</span> <span class='ocrx_word' id='word_1_240' title='bbox 310 1978 317 1985; x_wconf 93' lang='lat'>.</span> <span class='ocrx_word' id='word_1_241' title='bbox 343 1951 471 1984; x_wconf 82' lang='lat' dir='ltr'>‘timere</span> <span class='ocrx_word' id='word_1_242' title='bbox 498 1950 648 1984; x_wconf 73' lang='lat' dir='ltr'>deberet:</span> <span class='ocrx_word' id='word_1_243' title='bbox 672 1960 737 1984; x_wconf 85' lang='lat' dir='ltr'>om.</span> <span class='ocrx_word' id='word_1_244' title='bbox 764 1950 799 1984; x_wconf 91' lang='lat' dir='ltr'><strong><em>A</em></strong></span> <span class='ocrx_word' id='word_1_245' title='bbox 890 1953 910 1984; x_wconf 84' lang='grc'>6</span> <span class='ocrx_word' id='word_1_246' title='bbox 936 1948 1077 1983; x_wconf 81' lang='lat' dir='ltr'>censori</span> <span class='ocrx_word' id='word_1_247' title='bbox 1103 1948 1186 1989; x_wconf 84' lang='grc' dir='ltr'>ΑΡ,</span> <span class='ocrx_word' id='word_1_248' title='bbox 1212 1958 1272 1982; x_wconf 76' lang='lat' dir='ltr'>em.</span> <span class='ocrx_word' id='word_1_249' title='bbox 1299 1947 1468 1981; x_wconf 74' lang='lat' dir='ltr'>Burman</span> 
     </span>
     <span class='ocr_line' id='line_1_32' title="bbox 179 1993 1515 2036; baseline -0.004 -4"><span class='ocrx_word' id='word_1_250' title='bbox 179 2003 200 2033; x_wconf 88' lang='grc'>8</span> <span class='ocrx_word' id='word_1_251' title='bbox 226 2008 293 2032; x_wconf 86' lang='lat' dir='ltr'>nec</span> <span class='ocrx_word' id='word_1_252' title='bbox 320 1998 354 2031; x_wconf 88' lang='lat' dir='ltr'><strong><em>A</em></strong></span> <span class='ocrx_word' id='word_1_253' title='bbox 380 2000 412 2031; x_wconf 77' lang='lat' dir='ltr'>et</span> <span class='ocrx_word' id='word_1_254' title='bbox 437 1996 620 2031; x_wconf 75' lang='lat' dir='ltr'>Gelenius:</span> <span class='ocrx_word' id='word_1_255' title='bbox 646 2007 691 2030; x_wconf 86' lang='lat' dir='ltr'>ne</span> <span class='ocrx_word' id='word_1_256' title='bbox 720 1995 756 2030; x_wconf 90' lang='lat' dir='ltr'><em>P</em></span> <span class='ocrx_word' id='word_1_257' title='bbox 870 2000 914 2030; x_wconf 85' lang='lat'>14</span> <span class='ocrx_word' id='word_1_258' title='bbox 939 1995 1033 2029; x_wconf 84' lang='lat' dir='ltr'>Iulia</span> <span class='ocrx_word' id='word_1_259' title='bbox 1060 1994 1136 2029; x_wconf 84' lang='lat' dir='ltr'>filia</span> <span class='ocrx_word' id='word_1_260' title='bbox 1161 1994 1285 2029; x_wconf 79' lang='lat' dir='ltr'>Haase</span> <span class='ocrx_word' id='word_1_261' title='bbox 1317 1993 1407 2036; x_wconf 79' lang='lat' dir='ltr'>(filia</span> <span class='ocrx_word' id='word_1_262' title='bbox 1438 1994 1515 2028; x_wconf 84' lang='lat' dir='ltr'>eius</span> 
     </span>
     <span class='ocr_line' id='line_1_33' title="bbox 180 2039 1515 2086; baseline -0.003 -8"><span class='ocrx_word' id='word_1_263' title='bbox 180 2045 205 2079; x_wconf 94' lang='lat' dir='ltr'>I.</span> <span class='ocrx_word' id='word_1_264' title='bbox 233 2045 419 2086; x_wconf 73' lang='lat' dir='ltr'>Gelenius,</span> <span class='ocrx_word' id='word_1_265' title='bbox 445 2047 486 2078; x_wconf 84' lang='lat' dir='ltr'>ut</span> <span class='ocrx_word' id='word_1_266' title='bbox 511 2047 560 2078; x_wconf 78' lang='lat' dir='ltr'>est</span> <span class='ocrx_word' id='word_1_267' title='bbox 587 2047 671 2086; x_wconf 83' lang='grc'>100,</span> <span class='ocrx_word' id='word_1_268' title='bbox 698 2044 732 2085; x_wconf 77' lang='lat'>2)</span> <span class='ocrx_word' id='word_1_269' title='bbox 838 2047 878 2077; x_wconf 85' lang='lat'>15</span> <span class='ocrx_word' id='word_1_270' title='bbox 904 2042 1070 2086; x_wconf 83' lang='lat' dir='ltr'>Agrippa</span> <span class='ocrx_word' id='word_1_271' title='bbox 1095 2043 1230 2085; x_wconf 85' lang='lat' dir='ltr'>nuptae</span> <span class='ocrx_word' id='word_1_272' title='bbox 1257 2040 1292 2074; x_wconf 87' lang='lat' dir='ltr'><strong><em>A</em></strong></span> <span class='ocrx_word' id='word_1_273' title='bbox 1400 2044 1442 2075; x_wconf 85' lang='grc'>16</span> <span class='ocrx_word' id='word_1_274' title='bbox 1469 2039 1515 2074; x_wconf 81' lang='lat' dir='ltr'>ab</span> 
     </span>
     <span class='ocr_line' id='line_1_34' title="bbox 180 2086 1515 2134; baseline -0.004 -9"><span class='ocrx_word' id='word_1_275' title='bbox 180 2091 263 2127; x_wconf 77' lang='lat' dir='ltr'>add.</span> <span class='ocrx_word' id='word_1_276' title='bbox 290 2091 441 2134; x_wconf 74' lang='lat' dir='ltr'>Lipsius</span> <span class='ocrx_word' id='word_1_277' title='bbox 561 2094 602 2124; x_wconf 84' lang='lat'>17</span> <span class='ocrx_word' id='word_1_278' title='bbox 635 2089 819 2124; x_wconf 84' lang='lat' dir='ltr'>consulari</span> <span class='ocrx_word' id='word_1_279' title='bbox 849 2089 973 2123; x_wconf 67' lang='lat' dir='ltr'>Kritz:</span> <span class='ocrx_word' id='word_1_280' title='bbox 1007 2087 1130 2122; x_wconf 87' lang='lat' dir='ltr'>COSS.</span> <span class='ocrx_word' id='word_1_281' title='bbox 1163 2087 1248 2129; x_wconf 83' lang='grc' dir='ltr'>ΑΡ,</span> <span class='ocrx_word' id='word_1_282' title='bbox 1280 2098 1312 2121; x_wconf 87' lang='lat' dir='ltr'>v.</span> <span class='ocrx_word' id='word_1_283' title='bbox 1345 2086 1389 2121; x_wconf 90' lang='lat' dir='ltr'>cl.</span> <span class='ocrx_word' id='word_1_284' title='bbox 1422 2086 1515 2130; x_wconf 79' lang='lat' dir='ltr'>(viro</span> 
     </span>
     <span class='ocr_line' id='line_1_35' title="bbox 181 2133 1516 2180; baseline -0.003 -9"><span class='ocrx_word' id='word_1_285' title='bbox 181 2137 397 2180; x_wconf 77' lang='lat' dir='ltr'>clarissimo)</span> <span class='ocrx_word' id='word_1_286' title='bbox 425 2135 587 2180; x_wconf 77' lang='lat' dir='ltr'>Sauppe,</span> <span class='ocrx_word' id='word_1_287' title='bbox 614 2136 738 2171; x_wconf 86' lang='lat' dir='ltr'>Marco</span> <span class='ocrx_word' id='word_1_288' title='bbox 764 2135 807 2170; x_wconf 89' lang='lat' dir='ltr'>V.</span> <span class='ocrx_word' id='word_1_289' title='bbox 834 2146 865 2170; x_wconf 86' lang='lat' dir='ltr'>a.</span> <span class='ocrx_word' id='word_1_290' title='bbox 892 2137 917 2169; x_wconf 79' lang='lat' dir='ltr'>t.</span> <span class='ocrx_word' id='word_1_291' title='bbox 944 2134 1091 2168; x_wconf 85' lang='lat' dir='ltr'>consule</span> <span class='ocrx_word' id='word_1_292' title='bbox 1117 2133 1287 2177; x_wconf 77' lang='lat' dir='ltr'>Lipsius,·</span> <span class='ocrx_word' id='word_1_293' title='bbox 1319 2134 1516 2168; x_wconf 75' lang='lat' dir='ltr'>emendatio</span> 
     </span>
     <span class='ocr_line' id='line_1_36' title="bbox 180 2179 1514 2228; baseline -0.003 -10"><span class='ocrx_word' id='word_1_294' title='bbox 180 2185 248 2218; x_wconf 73' lang='lat' dir='ltr'>loci</span> <span class='ocrx_word' id='word_1_295' title='bbox 273 2185 408 2218; x_wconf 72' lang='lat' dir='ltr'>incerta</span> <span class='ocrx_word' id='word_1_296' title='bbox 430 2186 479 2218; x_wconf 81' lang='lat' dir='ltr'>est</span> <span class='ocrx_word' id='word_1_297' title='bbox 501 2188 504 2226; x_wconf 88' lang='grc' dir='ltr'>Ι</span> <span class='ocrx_word' id='word_1_298' title='bbox 527 2194 593 2228; x_wconf 89' lang='lat' dir='ltr'>pro</span> <span class='ocrx_word' id='word_1_299' title='bbox 619 2194 729 2227; x_wconf 82' lang='lat' dir='ltr'>quam</span> <span class='ocrx_word' id='word_1_300' title='bbox 755 2183 790 2217; x_wconf 87' lang='lat' dir='ltr'><strong><em>A</em></strong></span> <span class='ocrx_word' id='word_1_301' title='bbox 865 2186 906 2215; x_wconf 83' lang='lat'>19</span> <span class='ocrx_word' id='word_1_302' title='bbox 933 2181 1223 2215; x_wconf 82' lang='lat' dir='ltr'>Pannonicorum</span> <span class='ocrx_word' id='word_1_303' title='bbox 1243 2181 1276 2214; x_wconf 89' lang='lat' dir='ltr'><strong><em>A</em></strong></span> <span class='ocrx_word' id='word_1_304' title='bbox 1300 2182 1304 2221; x_wconf 91' lang='grc' dir='ltr'>Ι</span> <span class='ocrx_word' id='word_1_305' title='bbox 1328 2179 1514 2214; x_wconf 76' lang='lat' dir='ltr'>Dalmata·</span> 
     </span>
     <span class='ocr_line' id='line_1_37' title="bbox 180 2227 1410 2274; baseline -0.002 -9"><span class='ocrx_word' id='word_1_306' title='bbox 180 2241 332 2274; x_wconf 81' lang='lat' dir='ltr'>rumque</span> <span class='ocrx_word' id='word_1_307' title='bbox 363 2230 397 2265; x_wconf 91' lang='lat' dir='ltr'><strong><em>P</em></strong></span> <span class='ocrx_word' id='word_1_308' title='bbox 422 2237 507 2273; x_wconf 69' lang='lat' dir='ltr'>(non</span> <span class='ocrx_word' id='word_1_309' title='bbox 535 2230 631 2273; x_wconf 79' lang='lat' dir='ltr'>MA)</span> <span class='ocrx_word' id='word_1_310' title='bbox 747 2233 788 2264; x_wconf 84' lang='lat'>21</span> <span class='ocrx_word' id='word_1_311' title='bbox 817 2227 1214 2271; x_wconf 81' lang='lat' dir='ltr'>excellentissimasque</span> <span class='ocrx_word' id='word_1_312' title='bbox 1242 2227 1410 2262; x_wconf 76' lang='lat' dir='ltr'>Gelenius</span> 
     </span>
     <span class='ocr_line' id='line_1_38' title="bbox 181 2273 1440 2311; baseline -0.003 0"><span class='ocrx_word' id='word_1_313' title='bbox 181 2280 224 2310; x_wconf 75' lang='lat'>‘22</span> <span class='ocrx_word' id='word_1_314' title='bbox 252 2277 333 2311; x_wconf 93' lang='lat' dir='ltr'>loco</span> <span class='ocrx_word' id='word_1_315' title='bbox 361 2277 395 2311; x_wconf 87' lang='lat' dir='ltr'><strong><em>A</em></strong></span> <span class='ocrx_word' id='word_1_316' title='bbox 421 2287 510 2311; x_wconf 78' lang='lat' dir='ltr'>corr.</span> <span class='ocrx_word' id='word_1_317' title='bbox 538 2288 554 2311; x_wconf 86' lang='lat' dir='ltr'>e</span> <span class='ocrx_word' id='word_1_318' title='bbox 580 2276 660 2311; x_wconf 85' lang='lat' dir='ltr'>colo</span> <span class='ocrx_word' id='word_1_319' title='bbox 758 2279 802 2310; x_wconf 77' lang='lat'>26</span> <span class='ocrx_word' id='word_1_320' title='bbox 829 2275 932 2310; x_wconf 90' lang='lat' dir='ltr'>Lolio</span> <span class='ocrx_word' id='word_1_321' title='bbox 959 2274 1033 2308; x_wconf 83' lang='grc' dir='ltr'>ΑΡ</span> <span class='ocrx_word' id='word_1_322' title='bbox 1128 2278 1170 2309; x_wconf 79' lang='lat'>27</span> <span class='ocrx_word' id='word_1_323' title='bbox 1198 2274 1378 2308; x_wconf 81' lang='lat' dir='ltr'>uictorum</span> <span class='ocrx_word' id='word_1_324' title='bbox 1405 2273 1440 2308; x_wconf 89' lang='lat' dir='ltr'><strong><em>A</em></strong></span> 
     </span>
    </p>
   </div>
  </div>
 </body>
</html>
