1635 2572
205 139 260 180 86
859 137 892 171 11

166 258 182 288 1
324 247 389 288 78.
440 248 520 286 1100
554 252 682 285 tractu
715 251 935 297 temporum
955 245 1170 296 Octaviam,
1203 257 1379 284 sororem
1408 244 1544 284 Caesa·

206 309 276 359 ris,
310 307 356 345 Μ.
378 307 569 344 Antonius
601 304 712 343 duxit
743 316 915 343 uxorem.
978 303 1148 342 redierat
1179 302 1388 354 Pompeius
1419 305 1459 342 in
1487 303 1544 342 Si-

207 366 349 416 ciliam,
388 364 580 402 Antonius
612 364 651 401 in
684 364 962 401 transmarinas
994 363 1230 413 provincias,
1268 373 1364 412 quas
1396 363 1544 412 magnis

206 423 442 462 molimentis
486 421 699 473 Labienus,
743 433 789 459 ex
832 420 1030 459 Brutianis
1075 422 1212 458 castris
1256 420 1456 471 profectus
1499 419 1543 458 ad

205 481 387 532 Parthos,
419 480 610 531 perducto
644 491 782 518 eorum
812 481 988 518 exercitu
1020 480 1059 516 in
1081 478 1231 529 Syriam
1258 478 1544 528 interfectoque
1565 486 1581 509 5

205 540 331 590 legato
364 539 522 577 Antonii
554 543 824 577 concusserat:
874 539 941 588 qui
972 538 1115 575 virtute
1154 543 1192 575 et
1233 536 1352 575 ductu
1380 536 1547 575 Ventidii

205 610 283 636 11113
315 610 404 636 011111
424 597 659 636 Parthorum
679 598 800 647 copiis
821 595 1156 646 celeberrimoque
1182 597 1366 634 iuvenum
1386 594 1546 646 Pacoro,

165 664 184 694 2
206 658 309 707 regis
342 656 438 708 tilio,
472 657 668 694 extinctus
688 661 758 693 est.
808 656 966 693 interim
987 653 1127 692 Caesar
1147 666 1218 705 per
1244 653 1338 692 haec
1360 659 1547 704 tempora,

206 727 255 753 ne
276 727 340 753 res
361 714 586 765 disciplinae
608 714 891 764 inimicissima,
918 714 1060 764 otium,
1081 718 1351 763 corrumperet
1374 711 1547 762 militem,

207 773 358 812 crebris
401 774 441 811 in
485 772 638 823 Illyrico
684 771 949 822 Delmatiaque
999 770 1312 821 expeditionibus
1362 771 1548 821 patientia

166 839 186 870 3
206 831 472 883 periculorum
504 830 673 881 bellique
696 831 936 881 experientia
956 828 1119 867 durabat
1139 830 1366 867 exercitum.
1414 827 1549 866 eadem

207 895 438 941 tempestate
473 888 654 928 Calvinus
675 888 884 939 Domitius,
917 900 1006 926 cum
1038 900 1085 926 ex
1117 887 1321 926 consulatu
1354 885 1551 925 obtineret

207 948 450 1000 Hispaniam,
506 949 724 999 gravissimi
779 945 1106 998 comparandique
1162 947 1333 996 antiquis
1383 944 1550 995 exempli

208 1013 345 1045 auctor
383 1008 473 1045 suit:
523 1008 667 1057 quippe
712 1007 829 1057 primi
872 1005 939 1056 pili
984 1006 1255 1043 centurionem
1299 1004 1454 1042 nomine
1488 1002 1550 1041 vi-

208 1065 359 1103 billiuln
391 1064 440 1102 ob
472 1070 628 1115 turpem
662 1076 709 1102 ex
741 1065 821 1102 acie
855 1064 986 1113 sugam
1018 1064 1111 1101 susti
1142 1063 1349 1113 percussit.

169 1131 185 1160 1
328 1121 393 1161 79.
451 1122 663 1161 Crescente
707 1123 747 1160 in
792 1122 873 1160 dies
918 1127 957 1159 et
999 1120 1121 1159 classe
1166 1126 1205 1159 et
1248 1121 1347 1159 fama
1390 1119 1551 1171 Pompei

209 1180 350 1220 Caesar
393 1180 536 1219 molem
579 1180 670 1219 belli
714 1182 799 1219 eius
843 1181 1044 1230 suscipere
1089 1180 1234 1217 statuit.
1303 1177 1549 1217 aedificandis

209 1239 372 1278 navibus
405 1238 751 1289 contrahendoque
783 1237 896 1277 militi
929 1250 972 1276 ac
1004 1238 1142 1287 remigi
1175 1236 1452 1287 navalibusque
1486 1236 1550 1274 ad-

209 1297 427 1336 suescendo
466 1296 745 1336 certaminibus
784 1302 899 1346 atque
938 1295 1283 1334 exercitationibus
1327 1296 1549 1346 praefectus

210 1361 270 1394 est
301 1355 348 1393 M.
369 1356 555 1408 Agrippa,
588 1357 744 1394 virtutis
776 1354 1058 1406 nobilissimae,
1091 1353 1243 1405 labore,
1270 1353 1414 1404 vigilia,
1446 1355 1549 1404 peri·

210 1413 298 1453 culo
319 1415 487 1452 invictus
519 1413 777 1466 parandique,
811 1412 878 1451 sed
900 1414 985 1465 uni,
1019 1413 1321 1464 scientissimus,
1354 1411 1437 1450 aliis
1457 1423 1549 1450 sane

209 1472 427 1523 imperandi
466 1472 631 1523 cupidus
670 1477 709 1510 et
745 1483 816 1523 per
854 1473 982 1510 omnia
1023 1477 1132 1509 extra
1163 1470 1367 1509 dllationes
1399 1471 1550 1521 positus

212 1530 479 1581 consultisque
512 1532 612 1569 facta
644 1531 897 1580 coniungens.
954 1529 1016 1568 11ἰο
1047 1531 1086 1567 in
1119 1529 1270 1567 Averno
1304 1541 1346 1567 ac
1379 1528 1549 1566 Lucrino

210 1589 295 1628 lacu
329 1590 616 1640 speciosissima
648 1588 770 1627 classe
811 1587 994 1626 fabricata
1027 1587 1230 1626 cotidianis
1263 1588 1549 1625 exercitationi-

170 1538 189 1568 ΚΘ

210 1647 284 1686 bus
318 1647 480 1686 militem
512 1648 777 1697 remigcmque
812 1646 858 1684 ad
891 1657 1081 1685 summam
1115 1651 1153 1684 et
1184 1645 1361 1684 militaris
1401 1651 1439 1683 et
1470 1656 1550 1682 ma-
1589 1653 1600 1665 ··

211 1707 361 1744 ritimae
402 1707 459 1743 rei
496 1706 679 1756 perduxit
716 1706 929 1743 scientiam.
997 1704 1068 1742 1130
1109 1703 1222 1742 classi
1261 1703 1419 1755 Caesar,
1461 1715 1551 1741 cum

210 1765 321 1814 prius
354 1764 619 1814 despondente
653 1765 689 1801 ei
721 1763 893 1814 Nerone,
932 1763 995 1801 cui
1028 1768 1115 1800 ante
1155 1768 1273 1813 nupta
1308 1763 1450 1813 suerat,
1488 1760 1551 1799 Li-

212 1823 327 1873 viam,
385 1824 594 1872 auspicatis
643 1823 701 1860 rei
751 1821 928 1872 publicae
984 1820 1179 1858 ominibus
1235 1819 1412 1858 duxisset
1467 1831 1551 1857 eam

171 1888 391 1932 3uxorcm,
430 1880 615 1931 Pompeio
655 1879 887 1930 Siciliaeque
926 1878 1070 1917 bellum
1109 1878 1251 1917 intulit.
1318 1877 1385 1916 sed
1424 1879 1551 1916 virum

212 1938 378 1977 humana
417 1951 488 1989 ope
530 1940 717 1977 invictum
755 1939 924 1988 graviter
962 1949 1007 1975 eo
1046 1943 1221 1988 tempore
1262 1937 1416 1974 fortuna
1459 1947 1551 1974 con·

308 2067 328 2098 2
355 2062 514 2096 redierat
539 2073 604 2097 om.
630 2063 666 2096 A
740 2066 761 2096 4
787 2061 1012 2095 molimentis
1037 2060 1235 2094 Ruhnken:
1260 2059 1457 2094 momentis
1477 2058 1555 2093 ΑΡ

283 2113 303 2144 5
330 2109 509 2154 producto
535 2108 621 2151 ΑΡ,
647 2120 708 2143 em.
735 2109 957 2143 Arutzenius
1051 2111 1070 2141 6
1098 2106 1205 2140 Venti
1232 2106 1359 2140 diuina
1385 2117 1467 2140 cum
1492 2106 1528 2140 A

214 2160 257 2190 14
284 2156 462 2200 primipili
488 2156 563 2189 ΑΡ
583 2157 588 2199 l
610 2155 803 2189 Yibillium
831 2155 932 2188 MA:
965 2153 1151 2187 Iubilliuin
1181 2153 1216 2186 1²
1361 2157 1400 2186 15
1429 2155 1551 2197 optur—

211 2213 295 2247 pem
321 2204 355 2236 A
379 2205 384 2246 Ι
407 2204 502 2237 fuste
527 2203 579 2238 ecl.
601 2204 773 2246 princeps
794 2202 917 2245 prima
1033 2203 1075 2235 18
1100 2199 1217 2233 milite
1245 2209 1286 2233 ac
1313 2199 1452 2244 remige
1478 2198 1554 2233 ΑΡ

283 2253 327 2283 ‘20
354 2249 481 2283 uirtuti
507 2250 554 2291 A,
581 2250 636 2283 vir
661 2249 807 2282 virtutis
833 2246 1011 2282 Ruhnken
1148 2250 1191 2281 23
1220 2246 1393 2291 coniuges
1418 2246 1455 2280 A
1485 2274 1489 2278 .

212 2298 255 2330 27
283 2295 389 2330 Liuia
414 2297 448 2330 A
546 2299 590 2331 23
617 2295 827 2331 hominibus
852 2295 887 2328 A

1572 1069 1603 1094 15

1569 1361 1603 1386 20

1571 1946 1604 1969 :m
