1635 2572
5 898 20 905 -

110 468 128 498 ΚΟ

113 952 128 982 1

112 1707 131 1738 2

167 136 249 176 124
812 134 845 168 11

162 251 308 296 potest,
351 246 444 295 quin
484 256 528 281 ex
569 244 748 281 Armenia
786 250 943 294 recepta
981 249 1019 282 et
1059 255 1105 282 ex
1146 255 1236 294 rege
1278 246 1499 296 praeposito

163 305 216 354 ei,
248 304 360 341 cuius
393 303 508 352 capiti
540 302 689 351 insigne
721 303 870 352 regium
903 314 972 339 sua
1004 313 1119 339 manu
1151 303 1407 355 imposuerat,
1437 316 1498 342 or-

163 362 382 410 dinatisque
422 359 539 398 rebus
579 358 750 397 Orientis
788 371 905 397 ovans
945 359 1184 410 triumphare
1224 359 1420 413 debuerit,
1461 366 1501 400 et

162 418 450 457 vindelicorum
487 416 777 468 Raetorumque
816 418 939 456 victor
984 430 1103 456 curru
1143 417 1281 457 urbem
1322 417 1501 469 ingredi?

164 478 294 515 fractis
335 475 474 514 deinde
518 481 607 526 post
650 476 899 527 adoptionem
943 478 1127 515 continua
1165 478 1324 515 triennii
1365 476 1501 516 militia

162 534 390 573 Germaniae
424 533 570 572 viribus
602 533 705 572 idem
742 533 796 573 illi
828 533 952 572 honor
992 541 1030 573 et
1062 534 1296 573 deserendus
1333 541 1372 574 et
1403 537 1501 574 reci-

162 593 327 645 piendus
359 589 506 631 suerit?
567 597 606 630 et
640 598 729 643 post
767 592 915 631 cladem
947 592 1019 631 sub
1053 592 1151 631 Varo
1183 599 1399 645 acceptam,
1434 605 1502 633 ex-

158 655 319 701 pectato
364 652 473 689 ocius
513 652 779 701 prosperrimo
829 662 963 689 rerum
1010 657 1150 690 eventu
1196 651 1330 690 eadem
1374 653 1501 690 excisa

163 710 368 748 Germania
404 709 627 760 triumphus
659 711 799 748 summi
832 709 942 748 ducis
975 709 1156 748 adornari
1188 708 1397 748 debuerit?
1434 710 1502 748 sed

163 770 202 806 in
235 768 307 806 hoc
335 769 416 806 viro
449 769 618 819 nescias,
657 773 788 806 utrum
822 769 942 818 magis
975 769 1146 819 mireris,
1184 769 1287 818 quod
1326 767 1502 807 laborum

162 826 507 878 periculorumque
535 837 689 877 semper
710 827 877 865 excessit
898 826 1073 877 modum,
1105 838 1152 864 an
1179 826 1282 876 quod
1310 826 1504 865 honorum

166 886 406 937 temperavit.

284 941 376 982 123.
422 942 586 981 Venitur
617 943 663 982 ad
696 949 868 994 tempus,
899 944 939 981 in
973 954 1049 993 quo
1082 943 1155 981 fuit
1180 943 1392 993 plurimum
1425 955 1502 982 me-

163 1008 238 1041 tus.
301 1003 443 1052 quippe
476 1001 617 1040 Caesar
648 1002 848 1052 Augustus
886 1012 976 1040 cum
1008 1000 1282 1040 Germanicum
1321 1008 1503 1052 nepotem
1562 1026 1565 1031 ›

163 1072 278 1098 suum
322 1060 470 1110 reliqua
514 1059 605 1097 belli
654 1065 899 1110 patraturum
950 1060 1120 1097 misisset
1162 1060 1202 1097 in
1247 1059 1504 1110 Germaniam,

163 1118 364 1156 Tiberium
397 1123 528 1156 autem
559 1117 682 1156 silium
713 1118 906 1155 missurus
933 1122 1037 1155 esset
1068 1118 1107 1154 in
1133 1116 1329 1168 Illyricum
1363 1118 1407 1156 ad
1441 1118 1503 1156 fir-

163 1176 300 1214 manda
326 1187 420 1227 pace
454 1187 552 1226 quae
584 1175 685 1214 bello
719 1174 944 1226 subegerat,
976 1186 1221 1226 prosequens
1253 1187 1343 1214 eum
1372 1176 1503 1214 simul-

165 1246 239 1285 que
272 1235 535 1273 interfuturus
568 1234 800 1273 athletarum
832 1234 1055 1272 certaminis
1086 1233 1256 1286 ludicro‚
1290 1234 1392 1284 quod
1420 1235 1504 1272 eius

163 1293 303 1331 honori
350 1298 545 1331 sacratum
588 1304 609 1330 a
649 1291 911 1343 Neapolitanis
955 1297 1031 1343 est,
1075 1293 1268 1342 processit
1310 1294 1350 1330 in
1395 1291 1503 1331 Cam-

163 1353 328 1402 paniam.
376 1362 610 1401 quamquam
641 1351 717 1389 iam
749 1356 878 1389 motus
910 1348 1186 1388 imbecillitatis
1218 1350 1503 1401 inclinataeque

164 1411 202 1447 in
236 1410 410 1447 deterius
442 1410 634 1460 principia
659 1408 890 1447 valetudinis
918 1413 1110 1459 senserat,
1143 1414 1272 1446 tamen
1304 1408 1506 1448 obnitente

164 1469 199 1506 vi
232 1468 349 1505 animi
380 1473 615 1518 prosecutus
647 1466 769 1505 filium
807 1467 1086 1517 digressusque
1125 1465 1171 1504 ab
1210 1478 1255 1504 eo
1293 1466 1506 1506 Beneventi

164 1527 246 1577 ipse
288 1525 424 1563 Nolam
464 1527 593 1576 petiit:
643 1531 682 1563 et
724 1526 1019 1575 ingravescente
1063 1526 1103 1562 in
1147 1524 1229 1563 dies
1272 1524 1505 1577 valetudine,

165 1596 253 1622 cum
293 1585 428 1635 sciret,
473 1585 560 1634 quis
598 1583 742 1621 volenti
780 1584 908 1621 omnia
944 1588 1033 1633 post
1077 1594 1117 1621 se
1156 1582 1257 1620 salva
1302 1594 1503 1622 remanere

165 1642 426 1680 accersendus
460 1642 578 1693 soret,
609 1642 838 1680 festinanter
870 1642 1064 1679 revocavit
1095 1640 1234 1691 lilium3
1266 1640 1328 1679 ille
1361 1641 1407 1680 ad
1439 1654 1502 1693 pa-

166 1706 265 1739 trem
297 1701 444 1751 patriae
482 1704 685 1750 expectato
723 1699 907 1738 revolavit
939 1699 1140 1737 maturius.
1204 1704 1285 1737 tum
1320 1711 1504 1738 securum

166 1771 207 1797 se
240 1759 438 1808 Augustus
469 1758 698 1809 praedicans
725 1758 1065 1807 drcumsususque
1092 1756 1333 1807 amplexibus
1358 1757 1506 1796 Tiberii

166 1818 244 1868 sui,
289 1817 564 1855 commendans
601 1816 656 1855 illi
693 1828 762 1854 sua
799 1821 914 1866 atque
959 1816 1081 1866 ipsius
1122 1826 1240 1866 opera
1281 1828 1353 1854 nec
1395 1816 1504 1867 quid-

262 1967 279 1997 1
314 1963 526 2007 praeposito
560 1962 593 1997 ei
624 1963 816 1997 Heinsius:
855 1962 1057 2007 praepositi
1088 1964 1184 2006 (pro-
1218 1962 1266 2006 P)
1299 1961 1436 2004 MAP,
1472 1962 1507 1996 ei

165 2010 378 2055 praeposito
404 2010 518 2044 lflzen.
633 2013 654 2043 4
680 2011 964 2054 praetorumque
991 2010 1024 2043 A
1051 2013 1134 2043 ante
1159 2020 1248 2043 corr.
1374 2013 1392 2043 7
1419 2007 1506 2043 *ex-

166 2059 313 2101 pectato
341 2056 458 2091 ocius:
484 2056 599 2090 totius
628 2057 728 2098 MA,
757 2056 858 2090 ocius
887 2056 930 2097 P,
959 2057 1043 2090 voto
1071 2055 1171 2089 ocius
1196 2055 1365 2089 Burman

167 2108 186 2137 9
213 2103 440 2146 triumphum
466 2103 550 2145 AP,
576 2113 637 2136 em.
665 2102 840 2136 Heinsius
862 2103 866 2144 1
889 2102 1059 2136 adornari
1088 2102 1185 2135 MA:
1213 2101 1391 2135 adornare
1420 2101 1456 2135 P

168 2154 210 2183 10
236 2149 354 2183 nescis
381 2150 416 2183 A
491 2153 533 2183 16
560 2149 740 2182 firmanda
758 2149 894 2183 Bzcrcr:
922 2147 1114 2182 formanda
1134 2148 1208 2181 ΑΡ
1282 2152 1322 2181 17
1350 2159 1507 2192 cumque

166 2196 273 2230 simul
301 2197 334 2230 A
446 2199 487 2230 18
515 2195 707 2230 certamini
734 2196 911 2230 Cellarius
1025 2198 1067 2227 23
1096 2197 1132 2227 et
1158 2194 1246 2228 AI':
1274 2196 1313 2228 at
1338 2195 1508 2229 Herelius

259 2247 303 2276 24
330 2244 414 2286 post
440 2252 478 2276 se
506 2242 555 2276 P:
582 2253 689 2286 posse
715 2242 750 2276 A
833 2246 876 2276 25
904 2240 1163 2276 accersendum
1190 2242 1242 2283 A,
1269 2241 1518 2290 arcessendus

164 2287 344 2323 Ruhnken

1524 779 1558 805 10

1526 1069 1559 1096 15

1524 1363 1559 1388 20

1525 1655 1558 1680 25
