<?xml version="1.0" encoding="UTF-8"?>
<!DOCTYPE html PUBLIC "-//W3C//DTD XHTML 1.0 Transitional//EN"
    "http://www.w3.org/TR/xhtml1/DTD/xhtml1-transitional.dtd">
<html xmlns="http://www.w3.org/1999/xhtml" xml:lang="en" lang="en">
 <head>
  <title>
</title>
<meta http-equiv="Content-Type" content="text/html;charset=utf-8" />
  <meta name='ocr-system' content='tesseract 3.04.00' />
  <meta name='ocr-capabilities' content='ocr_page ocr_carea ocr_par ocr_line ocrx_word'/>
</head>
<body>
  <div class='ocr_page' id='page_1' title='image "./exhistoriaeroman00velluoft_0062.png"; bbox 0 0 1635 2572; ppageno 0'>
   <div class='ocr_carea' id='block_1_1' title="bbox 132 331 151 361">
    <p class='ocr_par' dir='ltr' id='par_1_1' title="bbox 132 331 151 361">
     <span class='ocr_line' id='line_1_1' title="bbox 132 331 151 361; textangle 90"><span class='ocrx_word' id='word_1_1' title='bbox 132 331 151 361; x_wconf 72' lang='lat'>10</span> 
     </span>
    </p>
   </div>
   <div class='ocr_carea' id='block_1_2' title="bbox 173 154 861 196">
    <p class='ocr_par' dir='ltr' id='par_1_2' title="bbox 173 154 861 196">
     <span class='ocr_line' id='line_1_2' title="bbox 173 154 861 196; baseline -0.012 0"><span class='ocrx_word' id='word_1_2' title='bbox 173 155 230 196; x_wconf 83' lang='grc'>54</span> <span class='ocrx_word' id='word_1_3' title='bbox 828 154 861 188; x_wconf 93' lang='lat' dir='ltr'>II</span> 
     </span>
    </p>
   </div>
   <div class='ocr_carea' id='block_1_3' title="bbox 173 263 1517 1657">
    <p class='ocr_par' dir='ltr' id='par_1_3' title="bbox 173 263 1517 1062">
     <span class='ocr_line' id='line_1_3' title="bbox 173 263 1513 318; baseline 0.001 -15"><span class='ocrx_word' id='word_1_4' title='bbox 173 265 293 318; x_wconf 87' lang='lat' dir='ltr'>idem,</span> <span class='ocrx_word' id='word_1_5' title='bbox 331 264 433 316; x_wconf 90' lang='lat' dir='ltr'>quod</span> <span class='ocrx_word' id='word_1_6' title='bbox 472 270 576 303; x_wconf 88' lang='lat' dir='ltr'>totus</span> <span class='ocrx_word' id='word_1_7' title='bbox 610 269 807 302; x_wconf 84' lang='lat' dir='ltr'>terrarum</span> <span class='ocrx_word' id='word_1_8' title='bbox 839 263 962 315; x_wconf 79' lang='lat' dir='ltr'>orbis,</span> <span class='ocrx_word' id='word_1_9' title='bbox 1004 265 1042 302; x_wconf 91' lang='lat' dir='ltr'>in</span> <span class='ocrx_word' id='word_1_10' title='bbox 1082 266 1274 303; x_wconf 85' lang='lat' dir='ltr'>aerarium</span> <span class='ocrx_word' id='word_1_11' title='bbox 1307 265 1513 304; x_wconf 85' lang='lat' dir='ltr'>conserunt</span> 
     </span>
     <span class='ocr_line' id='line_1_4' title="bbox 174 321 1513 374; baseline 0 -12"><span class='ocrx_word' id='word_1_12' title='bbox 174 323 420 374; x_wconf 82' lang='lat' dir='ltr'>stipendium.</span> <span class='ocrx_word' id='word_1_13' title='bbox 489 322 535 360; x_wconf 90' lang='lat' dir='ltr'>ab</span> <span class='ocrx_word' id='word_1_14' title='bbox 575 321 712 360; x_wconf 88' lang='lat' dir='ltr'>codem</span> <span class='ocrx_word' id='word_1_15' title='bbox 750 322 848 360; x_wconf 82' lang='lat' dir='ltr'>sacta</span> <span class='ocrx_word' id='word_1_16' title='bbox 891 321 994 347; x_wconf 56' lang='lat' dir='ltr'>*²³*ss</span> <span class='ocrx_word' id='word_1_17' title='bbox 1039 321 1278 361; x_wconf 82' lang='lat' dir='ltr'>Numidicus.</span> <span class='ocrx_word' id='word_1_18' title='bbox 1342 322 1513 362; x_wconf 87' lang='lat' dir='ltr'>Ciliciam</span> 
     </span>
     <span class='ocr_line' id='line_1_5' title="bbox 173 379 1514 432; baseline 0.001 -13"><span class='ocrx_word' id='word_1_19' title='bbox 173 382 396 432; x_wconf 81' lang='lat' dir='ltr'>perdomuit</span> <span class='ocrx_word' id='word_1_20' title='bbox 440 379 635 418; x_wconf 81' lang='lat' dir='ltr'>Isauricus</span> <span class='ocrx_word' id='word_1_21' title='bbox 681 385 718 418; x_wconf 85' lang='lat' dir='ltr'>ct</span> <span class='ocrx_word' id='word_1_22' title='bbox 762 386 850 431; x_wconf 92' lang='lat' dir='ltr'>post</span> <span class='ocrx_word' id='word_1_23' title='bbox 893 379 1038 418; x_wconf 89' lang='lat' dir='ltr'>bellum</span> <span class='ocrx_word' id='word_1_24' title='bbox 1083 380 1360 420; x_wconf 81' lang='lat' dir='ltr'>Antiochinum</span> <span class='ocrx_word' id='word_1_25' title='bbox 1397 380 1514 420; x_wconf 81' lang='lat' dir='ltr'>Vulso</span> 
     </span>
     <span class='ocr_line' id='line_1_6' title="bbox 174 437 1514 490; baseline 0.001 -13"><span class='ocrx_word' id='word_1_26' title='bbox 174 440 337 477; x_wconf 80' lang='lat' dir='ltr'>Manlius</span> <span class='ocrx_word' id='word_1_27' title='bbox 358 438 671 489; x_wconf 78' lang='lat' dir='ltr'>Gallograeciam.</span> <span class='ocrx_word' id='word_1_28' title='bbox 705 437 895 490; x_wconf 76' lang='lat' dir='ltr'>Bithynia,</span> <span class='ocrx_word' id='word_1_29' title='bbox 921 444 964 477; x_wconf 90' lang='lat' dir='ltr'>ut</span> <span class='ocrx_word' id='word_1_30' title='bbox 983 437 1260 490; x_wconf 70' lang='lat' dir='ltr'>praediximus,</span> <span class='ocrx_word' id='word_1_31' title='bbox 1280 444 1514 478; x_wconf 85' lang='lat' dir='ltr'>testamento</span> 
     </span>
     <span class='ocr_line' id='line_1_7' title="bbox 173 495 1515 548; baseline 0.001 -13"><span class='ocrx_word' id='word_1_32' title='bbox 173 497 394 535; x_wconf 76' lang='lat' dir='ltr'>Nicomedis</span> <span class='ocrx_word' id='word_1_33' title='bbox 445 496 579 535; x_wconf 89' lang='lat' dir='ltr'>relicta</span> <span class='ocrx_word' id='word_1_34' title='bbox 628 496 874 535; x_wconf 85' lang='lat' dir='ltr'>hereditaria.</span> <span class='ocrx_word' id='word_1_35' title='bbox 949 495 1067 535; x_wconf 81' lang='lat' dir='ltr'>Divus</span> <span class='ocrx_word' id='word_1_36' title='bbox 1110 498 1309 548; x_wconf 86' lang='lat' dir='ltr'>Augustus</span> <span class='ocrx_word' id='word_1_37' title='bbox 1359 503 1515 548; x_wconf 88' lang='lat' dir='ltr'>praeter</span> 
     </span>
     <span class='ocr_line' id='line_1_8' title="bbox 173 554 1515 607; baseline 0.001 -14"><span class='ocrx_word' id='word_1_38' title='bbox 173 555 378 606; x_wconf 81' lang='lat' dir='ltr'>Hispanias</span> <span class='ocrx_word' id='word_1_39' title='bbox 411 555 580 606; x_wconf 87' lang='lat' dir='ltr'>aliasque</span> <span class='ocrx_word' id='word_1_40' title='bbox 614 557 761 607; x_wconf 83' lang='lat' dir='ltr'>gentis,</span> <span class='ocrx_word' id='word_1_41' title='bbox 794 566 958 606; x_wconf 85' lang='lat' dir='ltr'>quarum</span> <span class='ocrx_word' id='word_1_42' title='bbox 986 554 1108 594; x_wconf 88' lang='lat' dir='ltr'>titulis</span> <span class='ocrx_word' id='word_1_43' title='bbox 1134 555 1263 594; x_wconf 87' lang='lat' dir='ltr'>sorum</span> <span class='ocrx_word' id='word_1_44' title='bbox 1290 557 1374 594; x_wconf 87' lang='lat' dir='ltr'>eius</span> <span class='ocrx_word' id='word_1_45' title='bbox 1406 567 1515 607; x_wconf 87' lang='lat' dir='ltr'>prae-</span> 
     </span>
     <span class='ocr_line' id='line_1_9' title="bbox 174 613 1516 666; baseline 0 -14"><span class='ocrx_word' id='word_1_46' title='bbox 174 615 290 666; x_wconf 87' lang='lat' dir='ltr'>nitet,</span> <span class='ocrx_word' id='word_1_47' title='bbox 339 626 462 665; x_wconf 89' lang='lat' dir='ltr'>paene</span> <span class='ocrx_word' id='word_1_48' title='bbox 507 614 609 652; x_wconf 84' lang='lat' dir='ltr'>idem</span> <span class='ocrx_word' id='word_1_49' title='bbox 655 614 752 652; x_wconf 83' lang='lat' dir='ltr'>sacta</span> <span class='ocrx_word' id='word_1_50' title='bbox 798 614 970 664; x_wconf 71' lang='lat' dir='ltr'>Aegypto</span> <span class='ocrx_word' id='word_1_51' title='bbox 1015 613 1283 666; x_wconf 88' lang='lat' dir='ltr'>stipendiaria,</span> <span class='ocrx_word' id='word_1_52' title='bbox 1327 620 1516 665; x_wconf 89' lang='lat' dir='ltr'>quantum</span> 
     </span>
     <span class='ocr_line' id='line_1_10' title="bbox 174 671 1516 724; baseline 0 -13"><span class='ocrx_word' id='word_1_53' title='bbox 174 679 285 724; x_wconf 86' lang='lat' dir='ltr'>pater</span> <span class='ocrx_word' id='word_1_54' title='bbox 309 674 393 711; x_wconf 89' lang='lat' dir='ltr'>eius</span> <span class='ocrx_word' id='word_1_55' title='bbox 414 671 557 723; x_wconf 86' lang='lat' dir='ltr'>Galliis,</span> <span class='ocrx_word' id='word_1_56' title='bbox 583 673 623 710; x_wconf 90' lang='lat' dir='ltr'>in</span> <span class='ocrx_word' id='word_1_57' title='bbox 643 673 837 710; x_wconf 89' lang='lat' dir='ltr'>aerarium</span> <span class='ocrx_word' id='word_1_58' title='bbox 864 671 1013 711; x_wconf 88' lang='lat' dir='ltr'>reditus</span> <span class='ocrx_word' id='word_1_59' title='bbox 1034 672 1208 711; x_wconf 89' lang='lat' dir='ltr'>contulit.</span> <span class='ocrx_word' id='word_1_60' title='bbox 1241 678 1277 711; x_wconf 86' lang='lat' dir='ltr'>at</span> <span class='ocrx_word' id='word_1_61' title='bbox 1298 671 1354 711; x_wconf 93' lang='lat' dir='ltr'>Ti.</span> <span class='ocrx_word' id='word_1_62' title='bbox 1377 672 1516 711; x_wconf 90' lang='lat' dir='ltr'>Caesar</span> 
     </span>
     <span class='ocr_line' id='line_1_11' title="bbox 174 730 1515 782; baseline 0 -13"><span class='ocrx_word' id='word_1_63' title='bbox 174 743 289 782; x_wconf 88' lang='lat' dir='ltr'>quam</span> <span class='ocrx_word' id='word_1_64' title='bbox 334 736 479 769; x_wconf 85' lang='lat' dir='ltr'>certam</span> <span class='ocrx_word' id='word_1_65' title='bbox 523 730 704 781; x_wconf 89' lang='lat' dir='ltr'>Hispanis</span> <span class='ocrx_word' id='word_1_66' title='bbox 755 731 916 781; x_wconf 87' lang='lat' dir='ltr'>parendi</span> <span class='ocrx_word' id='word_1_67' title='bbox 966 731 1252 769; x_wconf 88' lang='lat' dir='ltr'>consessionem</span> <span class='ocrx_word' id='word_1_68' title='bbox 1300 736 1515 770; x_wconf 79' lang='lat' dir='ltr'>extorserat</span> 
     </span>
     <span class='ocr_line' id='line_1_12' title="bbox 173 788 1516 841; baseline 0 -14"><span class='ocrx_word' id='word_1_69' title='bbox 173 801 332 841; x_wconf 87' lang='lat' dir='ltr'>parcns,</span> <span class='ocrx_word' id='word_1_70' title='bbox 374 789 514 840; x_wconf 71' lang='lat' dir='ltr'>Illyriis</span> <span class='ocrx_word' id='word_1_71' title='bbox 552 788 815 839; x_wconf 81' lang='lat' dir='ltr'>Delmatisque</span> <span class='ocrx_word' id='word_1_72' title='bbox 855 790 1030 827; x_wconf 85' lang='lat' dir='ltr'>extorsit.</span> <span class='ocrx_word' id='word_1_73' title='bbox 1098 788 1272 827; x_wconf 84' lang='lat' dir='ltr'>Raetiam</span> <span class='ocrx_word' id='word_1_74' title='bbox 1311 795 1439 828; x_wconf 89' lang='lat' dir='ltr'>autem</span> <span class='ocrx_word' id='word_1_75' title='bbox 1478 795 1516 827; x_wconf 91' lang='lat' dir='ltr'>et</span> 
     </span>
     <span class='ocr_line' id='line_1_13' title="bbox 173 847 1516 898; baseline 0.001 -13"><span class='ocrx_word' id='word_1_76' title='bbox 173 847 394 886; x_wconf 67' lang='lat' dir='ltr'>Vindelicos</span> <span class='ocrx_word' id='word_1_77' title='bbox 433 860 475 886; x_wconf 86' lang='lat' dir='ltr'>ac</span> <span class='ocrx_word' id='word_1_78' title='bbox 509 847 672 886; x_wconf 83' lang='lat' dir='ltr'>Noricos</span> <span class='ocrx_word' id='word_1_79' title='bbox 704 847 1021 898; x_wconf 87' lang='lat' dir='ltr'>Pannoniamque</span> <span class='ocrx_word' id='word_1_80' title='bbox 1061 852 1099 885; x_wconf 89' lang='lat' dir='ltr'>et</span> <span class='ocrx_word' id='word_1_81' title='bbox 1132 847 1359 886; x_wconf 90' lang='lat' dir='ltr'>Scordiscos</span> <span class='ocrx_word' id='word_1_82' title='bbox 1399 859 1516 886; x_wconf 86' lang='lat' dir='ltr'>novas</span> 
     </span>
     <span class='ocr_line' id='line_1_14' title="bbox 174 905 1517 957; baseline 0 -13"><span class='ocrx_word' id='word_1_83' title='bbox 174 907 338 957; x_wconf 86' lang='lat' dir='ltr'>imperio</span> <span class='ocrx_word' id='word_1_84' title='bbox 377 912 511 944; x_wconf 89' lang='lat' dir='ltr'>nostro</span> <span class='ocrx_word' id='word_1_85' title='bbox 557 905 757 944; x_wconf 83' lang='lat' dir='ltr'>subiunxit</span> <span class='ocrx_word' id='word_1_86' title='bbox 794 907 1024 956; x_wconf 79' lang='lat' dir='ltr'>provincias.</span> <span class='ocrx_word' id='word_1_87' title='bbox 1087 911 1130 944; x_wconf 89' lang='lat' dir='ltr'>ut</span> <span class='ocrx_word' id='word_1_88' title='bbox 1173 905 1241 944; x_wconf 91' lang='lat' dir='ltr'>has</span> <span class='ocrx_word' id='word_1_89' title='bbox 1285 907 1420 957; x_wconf 87' lang='lat' dir='ltr'>armis,</span> <span class='ocrx_word' id='word_1_90' title='bbox 1464 907 1517 945; x_wconf 90' lang='lat' dir='ltr'>ita</span> 
     </span>
     <span class='ocr_line' id='line_1_15' title="bbox 176 963 1515 1016; baseline 0 -13"><span class='ocrx_word' id='word_1_91' title='bbox 176 966 407 1003; x_wconf 86' lang='lat' dir='ltr'>auctoritate</span> <span class='ocrx_word' id='word_1_92' title='bbox 430 964 710 1016; x_wconf 84' lang='lat' dir='ltr'>Cappadociam</span> <span class='ocrx_word' id='word_1_93' title='bbox 736 964 880 1015; x_wconf 92' lang='lat' dir='ltr'>populo</span> <span class='ocrx_word' id='word_1_94' title='bbox 901 963 1073 1002; x_wconf 84' lang='lat' dir='ltr'>Romano</span> <span class='ocrx_word' id='word_1_95' title='bbox 1099 965 1191 1002; x_wconf 83' lang='lat' dir='ltr'>fecit</span> <span class='ocrx_word' id='word_1_96' title='bbox 1211 964 1515 1015; x_wconf 87' lang='lat' dir='ltr'>stipendiariam.</span> 
     </span>
     <span class='ocr_line' id='line_1_16' title="bbox 174 1022 819 1062; baseline -0.002 0"><span class='ocrx_word' id='word_1_97' title='bbox 174 1023 242 1062; x_wconf 87' lang='lat' dir='ltr'>sed</span> <span class='ocrx_word' id='word_1_98' title='bbox 275 1028 518 1061; x_wconf 78' lang='lat' dir='ltr'>revertamur</span> <span class='ocrx_word' id='word_1_99' title='bbox 551 1022 597 1061; x_wconf 90' lang='lat' dir='ltr'>ad</span> <span class='ocrx_word' id='word_1_100' title='bbox 631 1022 819 1061; x_wconf 85' lang='lat' dir='ltr'>ordinem.</span> 
     </span>
    </p>

    <p class='ocr_par' dir='ltr' id='par_1_4' title="bbox 174 1079 1517 1657">
     <span class='ocr_line' id='line_1_17' title="bbox 289 1079 1514 1132; baseline 0 -13"><span class='ocrx_word' id='word_1_101' title='bbox 289 1079 356 1120; x_wconf 81' lang='lat'>40.</span> <span class='ocrx_word' id='word_1_102' title='bbox 421 1081 562 1119; x_wconf 86' lang='lat' dir='ltr'>Secuta</span> <span class='ocrx_word' id='word_1_103' title='bbox 595 1081 734 1119; x_wconf 89' lang='lat' dir='ltr'>deinde</span> <span class='ocrx_word' id='word_1_104' title='bbox 767 1080 835 1119; x_wconf 88' lang='lat' dir='ltr'>Cn.</span> <span class='ocrx_word' id='word_1_105' title='bbox 861 1080 1023 1131; x_wconf 87' lang='lat' dir='ltr'>Pompei</span> <span class='ocrx_word' id='word_1_106' title='bbox 1055 1080 1208 1132; x_wconf 90' lang='lat' dir='ltr'>militia,</span> <span class='ocrx_word' id='word_1_107' title='bbox 1241 1080 1384 1131; x_wconf 85' lang='lat' dir='ltr'>gloriae</span> <span class='ocrx_word' id='word_1_108' title='bbox 1412 1080 1514 1119; x_wconf 88' lang='lat' dir='ltr'>labo-</span> 
     </span>
     <span class='ocr_line' id='line_1_18' title="bbox 174 1139 1517 1192; baseline 0 -15"><span class='ocrx_word' id='word_1_109' title='bbox 174 1140 279 1178; x_wconf 89' lang='lat' dir='ltr'>risne</span> <span class='ocrx_word' id='word_1_110' title='bbox 312 1140 469 1177; x_wconf 87' lang='lat' dir='ltr'>maioris</span> <span class='ocrx_word' id='word_1_111' title='bbox 495 1141 691 1177; x_wconf 87' lang='lat' dir='ltr'>incertum</span> <span class='ocrx_word' id='word_1_112' title='bbox 715 1144 784 1177; x_wconf 91' lang='lat' dir='ltr'>est.</span> <span class='ocrx_word' id='word_1_113' title='bbox 828 1144 1052 1189; x_wconf 86' lang='lat' dir='ltr'>penctratae</span> <span class='ocrx_word' id='word_1_114' title='bbox 1079 1151 1169 1177; x_wconf 91' lang='lat' dir='ltr'>cum</span> <span class='ocrx_word' id='word_1_115' title='bbox 1194 1140 1355 1177; x_wconf 78' lang='lat' dir='ltr'>victoria</span> <span class='ocrx_word' id='word_1_116' title='bbox 1382 1139 1517 1192; x_wconf 88' lang='lat' dir='ltr'>Media,</span> 
     </span>
     <span class='ocr_line' id='line_1_19' title="bbox 174 1197 1517 1250; baseline 0 -14"><span class='ocrx_word' id='word_1_117' title='bbox 174 1197 350 1249; x_wconf 81' lang='lat' dir='ltr'>Albania,</span> <span class='ocrx_word' id='word_1_118' title='bbox 388 1197 563 1249; x_wconf 82' lang='lat' dir='ltr'>Hiberia3</span> <span class='ocrx_word' id='word_1_119' title='bbox 605 1197 744 1236; x_wconf 86' lang='lat' dir='ltr'>deinde</span> <span class='ocrx_word' id='word_1_120' title='bbox 782 1197 925 1236; x_wconf 85' lang='lat' dir='ltr'>flexum</span> <span class='ocrx_word' id='word_1_121' title='bbox 962 1208 1099 1247; x_wconf 81' lang='lat' dir='ltr'>agmen</span> <span class='ocrx_word' id='word_1_122' title='bbox 1140 1197 1185 1236; x_wconf 91' lang='lat' dir='ltr'>ad</span> <span class='ocrx_word' id='word_1_123' title='bbox 1224 1209 1288 1236; x_wconf 89' lang='lat' dir='ltr'>eas</span> <span class='ocrx_word' id='word_1_124' title='bbox 1329 1199 1517 1250; x_wconf 90' lang='lat' dir='ltr'>nationes,</span> 
     </span>
     <span class='ocr_line' id='line_1_20' title="bbox 175 1255 1515 1307; baseline -0.001 -12"><span class='ocrx_word' id='word_1_125' title='bbox 175 1268 271 1307; x_wconf 89' lang='lat' dir='ltr'>quae</span> <span class='ocrx_word' id='word_1_126' title='bbox 297 1256 432 1294; x_wconf 81' lang='lat' dir='ltr'>dextra</span> <span class='ocrx_word' id='word_1_127' title='bbox 458 1262 573 1306; x_wconf 90' lang='lat' dir='ltr'>atque</span> <span class='ocrx_word' id='word_1_128' title='bbox 594 1257 728 1294; x_wconf 87' lang='lat' dir='ltr'>intima</span> <span class='ocrx_word' id='word_1_129' title='bbox 749 1255 863 1294; x_wconf 90' lang='lat' dir='ltr'>Ponti</span> <span class='ocrx_word' id='word_1_130' title='bbox 883 1255 1070 1306; x_wconf 82' lang='lat' dir='ltr'>incolunt,</span> <span class='ocrx_word' id='word_1_131' title='bbox 1096 1255 1260 1294; x_wconf 88' lang='lat' dir='ltr'>Colchos</span> <span class='ocrx_word' id='word_1_132' title='bbox 1280 1255 1515 1295; x_wconf 89' lang='lat' dir='ltr'>Heniochos-</span> 
     </span>
     <span class='ocr_line' id='line_1_21' title="bbox 175 1313 1516 1366; baseline 0 -13"><span class='ocrx_word' id='word_1_133' title='bbox 175 1327 249 1365; x_wconf 89' lang='lat' dir='ltr'>que</span> <span class='ocrx_word' id='word_1_134' title='bbox 289 1320 327 1353; x_wconf 87' lang='lat' dir='ltr'>et</span> <span class='ocrx_word' id='word_1_135' title='bbox 364 1314 555 1366; x_wconf 88' lang='lat' dir='ltr'>Achaeos,</span> <span class='ocrx_word' id='word_1_136' title='bbox 601 1320 639 1352; x_wconf 91' lang='lat' dir='ltr'>et</span> <span class='ocrx_word' id='word_1_137' title='bbox 677 1325 888 1365; x_wconf 89' lang='lat' dir='ltr'>oppressus</span> <span class='ocrx_word' id='word_1_138' title='bbox 927 1315 1111 1364; x_wconf 90' lang='lat' dir='ltr'>auspiciis</span> <span class='ocrx_word' id='word_1_139' title='bbox 1148 1313 1325 1366; x_wconf 85' lang='lat' dir='ltr'>Pompei,</span> <span class='ocrx_word' id='word_1_140' title='bbox 1363 1314 1516 1353; x_wconf 90' lang='lat' dir='ltr'>insidiis</span> 
     </span>
     <span class='ocr_line' id='line_1_22' title="bbox 175 1372 1515 1424; baseline 0 -13"><span class='ocrx_word' id='word_1_141' title='bbox 175 1373 242 1411; x_wconf 85' lang='lat' dir='ltr'>filii</span> <span class='ocrx_word' id='word_1_142' title='bbox 274 1373 485 1411; x_wconf 88' lang='lat' dir='ltr'>Pharnacis</span> <span class='ocrx_word' id='word_1_143' title='bbox 517 1372 777 1424; x_wconf 86' lang='lat' dir='ltr'>Mithridates,</span> <span class='ocrx_word' id='word_1_144' title='bbox 815 1372 975 1411; x_wconf 91' lang='lat' dir='ltr'>ultimus</span> <span class='ocrx_word' id='word_1_145' title='bbox 1014 1374 1187 1411; x_wconf 89' lang='lat' dir='ltr'>omnium</span> <span class='ocrx_word' id='word_1_146' title='bbox 1225 1374 1322 1411; x_wconf 90' lang='lat' dir='ltr'>iuris</span> <span class='ocrx_word' id='word_1_147' title='bbox 1354 1375 1414 1412; x_wconf 90' lang='lat' dir='ltr'>sui</span> <span class='ocrx_word' id='word_1_148' title='bbox 1457 1385 1515 1412; x_wconf 87' lang='lat' dir='ltr'>re-</span> 
     </span>
     <span class='ocr_line' id='line_1_23' title="bbox 176 1430 1517 1482; baseline 0.001 -13"><span class='ocrx_word' id='word_1_149' title='bbox 176 1444 265 1482; x_wconf 83' lang='lat' dir='ltr'>gum</span> <span class='ocrx_word' id='word_1_150' title='bbox 298 1437 454 1482; x_wconf 86' lang='lat' dir='ltr'>praeter</span> <span class='ocrx_word' id='word_1_151' title='bbox 486 1430 700 1469; x_wconf 85' lang='lat' dir='ltr'>Parthicos.</span> <span class='ocrx_word' id='word_1_152' title='bbox 763 1436 846 1469; x_wconf 86' lang='lat' dir='ltr'>tum</span> <span class='ocrx_word' id='word_1_153' title='bbox 877 1432 1000 1469; x_wconf 85' lang='lat' dir='ltr'>vietor</span> <span class='ocrx_word' id='word_1_154' title='bbox 1033 1432 1207 1469; x_wconf 89' lang='lat' dir='ltr'>omnium</span> <span class='ocrx_word' id='word_1_155' title='bbox 1240 1443 1335 1481; x_wconf 91' lang='lat' dir='ltr'>quas</span> <span class='ocrx_word' id='word_1_156' title='bbox 1371 1431 1517 1470; x_wconf 84' lang='lat' dir='ltr'>adierat</span> 
     </span>
     <span class='ocr_line' id='line_1_24' title="bbox 175 1489 1516 1541; baseline 0 -13"><span class='ocrx_word' id='word_1_157' title='bbox 175 1491 349 1541; x_wconf 85' lang='lat' dir='ltr'>gentium</span> <span class='ocrx_word' id='word_1_158' title='bbox 387 1489 596 1540; x_wconf 89' lang='lat' dir='ltr'>Pompeius</span> <span class='ocrx_word' id='word_1_159' title='bbox 635 1501 784 1540; x_wconf 85' lang='lat' dir='ltr'>suoque</span> <span class='ocrx_word' id='word_1_160' title='bbox 823 1494 862 1527; x_wconf 83' lang='lat' dir='ltr'>et</span> <span class='ocrx_word' id='word_1_161' title='bbox 903 1490 1044 1527; x_wconf 83' lang='lat' dir='ltr'>civium</span> <span class='ocrx_word' id='word_1_162' title='bbox 1085 1495 1173 1527; x_wconf 90' lang='lat' dir='ltr'>voto</span> <span class='ocrx_word' id='word_1_163' title='bbox 1212 1491 1333 1528; x_wconf 89' lang='lat' dir='ltr'>maior</span> <span class='ocrx_word' id='word_1_164' title='bbox 1371 1496 1409 1528; x_wconf 89' lang='lat' dir='ltr'>et</span> <span class='ocrx_word' id='word_1_165' title='bbox 1446 1502 1516 1541; x_wconf 91' lang='lat' dir='ltr'>per</span> 
     </span>
     <span class='ocr_line' id='line_1_25' title="bbox 175 1547 1516 1598; baseline 0.001 -12"><span class='ocrx_word' id='word_1_166' title='bbox 175 1550 302 1586; x_wconf 88' lang='lat' dir='ltr'>omnia</span> <span class='ocrx_word' id='word_1_167' title='bbox 336 1549 529 1586; x_wconf 80' lang='lat' dir='ltr'>fortunam</span> <span class='ocrx_word' id='word_1_168' title='bbox 558 1547 725 1586; x_wconf 91' lang='lat' dir='ltr'>hominis</span> <span class='ocrx_word' id='word_1_169' title='bbox 753 1559 934 1598; x_wconf 88' lang='lat' dir='ltr'>egressus</span> <span class='ocrx_word' id='word_1_170' title='bbox 961 1549 1122 1586; x_wconf 83' lang='lat' dir='ltr'>revertit</span> <span class='ocrx_word' id='word_1_171' title='bbox 1148 1549 1186 1585; x_wconf 92' lang='lat' dir='ltr'>in</span> <span class='ocrx_word' id='word_1_172' title='bbox 1213 1547 1370 1586; x_wconf 87' lang='lat' dir='ltr'>ltaliam.</span> <span class='ocrx_word' id='word_1_173' title='bbox 1404 1550 1516 1587; x_wconf 90' lang='lat' dir='ltr'>cuius</span> 
     </span>
     <span class='ocr_line' id='line_1_26' title="bbox 175 1605 1514 1657; baseline 0.001 -13"><span class='ocrx_word' id='word_1_174' title='bbox 175 1606 344 1645; x_wconf 85' lang='lat' dir='ltr'>reditum</span> <span class='ocrx_word' id='word_1_175' title='bbox 382 1605 630 1644; x_wconf 80' lang='lat' dir='ltr'>favorabilem</span> <span class='ocrx_word' id='word_1_176' title='bbox 669 1607 799 1657; x_wconf 89' lang='lat' dir='ltr'>opinio</span> <span class='ocrx_word' id='word_1_177' title='bbox 839 1606 1001 1657; x_wconf 80' lang='lat' dir='ltr'>fecerat3</span> <span class='ocrx_word' id='word_1_178' title='bbox 1040 1607 1182 1656; x_wconf 91' lang='lat' dir='ltr'>quippe</span> <span class='ocrx_word' id='word_1_179' title='bbox 1222 1605 1398 1656; x_wconf 87' lang='lat' dir='ltr'>plerique</span> <span class='ocrx_word' id='word_1_180' title='bbox 1438 1618 1514 1645; x_wconf 91' lang='lat' dir='ltr'>non</span> 
     </span>
    </p>
   </div>
   <div class='ocr_carea' id='block_1_4' title="bbox 175 1663 1551 1704">
    <p class='ocr_par' dir='ltr' id='par_1_5' title="bbox 175 1663 1551 1704">
     <span class='ocr_line' id='line_1_27' title="bbox 175 1663 1551 1704; baseline 0 -1"><span class='ocrx_word' id='word_1_181' title='bbox 175 1666 257 1704; x_wconf 89' lang='lat' dir='ltr'>sine</span> <span class='ocrx_word' id='word_1_182' title='bbox 291 1666 466 1704; x_wconf 86' lang='lat' dir='ltr'>exercitu</span> <span class='ocrx_word' id='word_1_183' title='bbox 498 1670 707 1703; x_wconf 86' lang='lat' dir='ltr'>venturum</span> <span class='ocrx_word' id='word_1_184' title='bbox 745 1666 784 1702; x_wconf 89' lang='lat' dir='ltr'>in</span> <span class='ocrx_word' id='word_1_185' title='bbox 817 1663 954 1702; x_wconf 88' lang='lat' dir='ltr'>urbem</span> <span class='ocrx_word' id='word_1_186' title='bbox 996 1663 1244 1702; x_wconf 82' lang='lat' dir='ltr'>adtirinarant</span> <span class='ocrx_word' id='word_1_187' title='bbox 1277 1670 1315 1703; x_wconf 89' lang='lat' dir='ltr'>et</span> <span class='ocrx_word' id='word_1_188' title='bbox 1346 1664 1517 1703; x_wconf 87' lang='lat' dir='ltr'>libertati</span> <span class='ocrx_word' id='word_1_189' title='bbox 1537 1674 1551 1698; x_wconf 77' lang='lat'>2</span> 
     </span>
    </p>
   </div>
   <div class='ocr_carea' id='block_1_5' title="bbox 175 1799 1519 2357">
    <p class='ocr_par' dir='ltr' id='par_1_6' title="bbox 175 1799 1517 2030">
     <span class='ocr_line' id='line_1_28' title="bbox 273 1799 1517 1845; baseline 0 -11"><span class='ocrx_word' id='word_1_190' title='bbox 273 1805 289 1835; x_wconf 91' lang='lat'>1</span> <span class='ocrx_word' id='word_1_191' title='bbox 317 1801 354 1834; x_wconf 85' lang='lat' dir='ltr'>in</span> <span class='ocrx_word' id='word_1_192' title='bbox 379 1800 561 1835; x_wconf 80' lang='lat' dir='ltr'>aerarium</span> <span class='ocrx_word' id='word_1_193' title='bbox 586 1801 721 1835; x_wconf 75' lang='lat' dir='ltr'>Aldus:</span> <span class='ocrx_word' id='word_1_194' title='bbox 754 1800 930 1845; x_wconf 79' lang='lat' dir='ltr'>ignauum</span> <span class='ocrx_word' id='word_1_195' title='bbox 955 1799 1031 1834; x_wconf 87' lang='grc' dir='ltr'>ΑΡ</span> <span class='ocrx_word' id='word_1_196' title='bbox 1143 1804 1162 1834; x_wconf 83' lang='lat'><strong>2</strong></span> <span class='ocrx_word' id='word_1_197' title='bbox 1195 1799 1294 1834; x_wconf 74' lang='lat' dir='ltr'>facta</span> <span class='ocrx_word' id='word_1_198' title='bbox 1326 1799 1517 1845; x_wconf 82' lang='lat' dir='ltr'>[Numidia</span> 
     </span>
     <span class='ocr_line' id='line_1_29' title="bbox 175 1846 1517 1892; baseline -0.001 -10"><span class='ocrx_word' id='word_1_199' title='bbox 175 1847 380 1892; x_wconf 80' lang='lat' dir='ltr'>provincia,</span> <span class='ocrx_word' id='word_1_200' title='bbox 408 1858 426 1881; x_wconf 88' lang='lat' dir='ltr'>e</span> <span class='ocrx_word' id='word_1_201' title='bbox 453 1859 525 1891; x_wconf 81' lang='lat' dir='ltr'>qua</span> <span class='ocrx_word' id='word_1_202' title='bbox 550 1847 624 1881; x_wconf 79' lang='lat' dir='ltr'>iam</span> <span class='ocrx_word' id='word_1_203' title='bbox 652 1847 740 1881; x_wconf 87' lang='lat' dir='ltr'>olim</span> <span class='ocrx_word' id='word_1_204' title='bbox 767 1857 970 1891; x_wconf 87' lang='lat' dir='ltr'>cognomen</span> <span class='ocrx_word' id='word_1_205' title='bbox 995 1846 1131 1881; x_wconf 72' lang='lat' dir='ltr'>virtute</span> <span class='ocrx_word' id='word_1_206' title='bbox 1158 1848 1306 1891; x_wconf 72' lang='lat' dir='ltr'>partum</span> <span class='ocrx_word' id='word_1_207' title='bbox 1332 1846 1517 1881; x_wconf 73' lang='lat' dir='ltr'>detulerat</span> 
     </span>
     <span class='ocr_line' id='line_1_30' title="bbox 176 1893 1515 1939; baseline 0 -11"><span class='ocrx_word' id='word_1_208' title='bbox 176 1894 363 1939; x_wconf 77' lang='lat' dir='ltr'>Metellus]</span> <span class='ocrx_word' id='word_1_209' title='bbox 396 1894 613 1928; x_wconf 85' lang='lat' dir='ltr'>Numidicus</span> <span class='ocrx_word' id='word_1_210' title='bbox 643 1894 822 1938; x_wconf 74' lang='lat' dir='ltr'>supplevit</span> <span class='ocrx_word' id='word_1_211' title='bbox 847 1893 971 1928; x_wconf 80' lang='lat' dir='ltr'>Haase</span> <span class='ocrx_word' id='word_1_212' title='bbox 1085 1897 1104 1927; x_wconf 92' lang='lat'><strong>3</strong></span> <span class='ocrx_word' id='word_1_213' title='bbox 1137 1893 1317 1927; x_wconf 79' lang='lat' dir='ltr'>Isauricus</span> <span class='ocrx_word' id='word_1_214' title='bbox 1349 1895 1387 1927; x_wconf 80' lang='lat' dir='ltr'>et</span> <span class='ocrx_word' id='word_1_215' title='bbox 1412 1894 1515 1936; x_wconf 47' lang='grc' dir='ltr'><em>δι’-σο-</em></span> 
     </span>
     <span class='ocr_line' id='line_1_31' title="bbox 175 1940 1515 1984; baseline -0.001 -9"><span class='ocrx_word' id='word_1_216' title='bbox 175 1942 277 1975; x_wconf 68' lang='lat' dir='ltr'>nius:</span> <span class='ocrx_word' id='word_1_217' title='bbox 305 1941 386 1975; x_wconf 79' lang='lat' dir='ltr'>uisa</span> <span class='ocrx_word' id='word_1_218' title='bbox 412 1941 562 1975; x_wconf 73' lang='lat' dir='ltr'>uicisset</span> <span class='ocrx_word' id='word_1_219' title='bbox 587 1941 662 1974; x_wconf 85' lang='grc' dir='ltr'>ΑΡ</span> <span class='ocrx_word' id='word_1_220' title='bbox 780 1944 801 1974; x_wconf 91' lang='grc'>4</span> <span class='ocrx_word' id='word_1_221' title='bbox 827 1940 1039 1984; x_wconf 78' lang='lat' dir='ltr'>Bythiniam</span> <span class='ocrx_word' id='word_1_222' title='bbox 1066 1940 1100 1974; x_wconf 80' lang='lat' dir='ltr'><strong><em>A</em></strong></span> <span class='ocrx_word' id='word_1_223' title='bbox 1223 1944 1240 1974; x_wconf 78' lang='lat'><strong>7</strong></span> <span class='ocrx_word' id='word_1_224' title='bbox 1268 1950 1384 1984; x_wconf 77' lang='lat' dir='ltr'>paene</span> <span class='ocrx_word' id='word_1_225' title='bbox 1418 1940 1515 1974; x_wconf 86' lang='lat' dir='ltr'>idem</span> 
     </span>
     <span class='ocr_line' id='line_1_32' title="bbox 177 1987 1517 2030; baseline -0.001 -8"><span class='ocrx_word' id='word_1_226' title='bbox 177 1988 363 2023; x_wconf 72' lang='lat' dir='ltr'>delendum</span> <span class='ocrx_word' id='word_1_227' title='bbox 389 1992 500 2022; x_wconf 75' lang='lat' dir='ltr'>censet</span> <span class='ocrx_word' id='word_1_228' title='bbox 520 1987 665 2021; x_wconf 63' lang='lat' dir='ltr'>Rulmls.</span> <span class='ocrx_word' id='word_1_229' title='bbox 691 1991 732 2021; x_wconf 81' lang='lat' dir='ltr'>ut</span> <span class='ocrx_word' id='word_1_230' title='bbox 757 1997 799 2021; x_wconf 73' lang='lat' dir='ltr'>cx</span> <span class='ocrx_word' id='word_1_231' title='bbox 824 1997 944 2021; x_wconf 73' lang='lat' dir='ltr'>versus</span> <span class='ocrx_word' id='word_1_232' title='bbox 972 1991 988 2020; x_wconf 92' lang='lat'>1</span> <span class='ocrx_word' id='word_1_233' title='bbox 1017 1987 1176 2027; x_wconf 73' lang='lat' dir='ltr'>illatum,</span> <span class='ocrx_word' id='word_1_234' title='bbox 1201 1987 1283 2029; x_wconf 79' lang='lat' dir='ltr'>sort.</span> <span class='ocrx_word' id='word_1_235' title='bbox 1310 1998 1344 2030; x_wconf 86' lang='lat' dir='ltr'>p.</span> <span class='ocrx_word' id='word_1_236' title='bbox 1371 1988 1517 2020; x_wconf 79' lang='lat' dir='ltr'>tantum</span> 
     </span>
    </p>

    <p class='ocr_par' dir='ltr' id='par_1_7' title="bbox 178 2032 1519 2357">
     <span class='ocr_line' id='line_1_33' title="bbox 271 2032 1515 2076; baseline -0.002 -8"><span class='ocrx_word' id='word_1_237' title='bbox 271 2039 291 2068; x_wconf 81' lang='grc'>8</span> <span class='ocrx_word' id='word_1_238' title='bbox 324 2034 449 2068; x_wconf 59' lang='grc' dir='ltr'>*ΘηιΙΙὶ</span> <span class='ocrx_word' id='word_1_239' title='bbox 483 2035 621 2076; x_wconf 71' lang='grc' dir='ltr'>ῙΙῙΛΡ,</span> <span class='ocrx_word' id='word_1_240' title='bbox 660 2033 783 2068; x_wconf 81' lang='lat' dir='ltr'>Gallia</span> <span class='ocrx_word' id='word_1_241' title='bbox 809 2033 926 2068; x_wconf 66' lang='lat' dir='ltr'>Galen.</span> <span class='ocrx_word' id='word_1_242' title='bbox 962 2034 966 2076; x_wconf 81' lang='grc' dir='ltr'>Ι</span> <span class='ocrx_word' id='word_1_243' title='bbox 1000 2032 1164 2067; x_wconf 71' lang='lat' dir='ltr'>redditus</span> <span class='ocrx_word' id='word_1_244' title='bbox 1201 2033 1280 2066; x_wconf 70' lang='lat' dir='ltr'>MA</span> <span class='ocrx_word' id='word_1_245' title='bbox 1317 2035 1321 2075; x_wconf 77' lang='grc' dir='ltr'>Ι</span> <span class='ocrx_word' id='word_1_246' title='bbox 1357 2035 1395 2067; x_wconf 81' lang='lat' dir='ltr'>at</span> <span class='ocrx_word' id='word_1_247' title='bbox 1426 2033 1515 2067; x_wconf 50' lang='lat'>111³:</span> 
     </span>
     <span class='ocr_line' id='line_1_34' title="bbox 178 2079 1519 2124; baseline -0.001 -9"><span class='ocrx_word' id='word_1_248' title='bbox 178 2081 224 2116; x_wconf 79' lang='lat' dir='ltr'>ad</span> <span class='ocrx_word' id='word_1_249' title='bbox 247 2082 293 2115; x_wconf 84' lang='lat' dir='ltr'><em>M</em></span> <span class='ocrx_word' id='word_1_250' title='bbox 315 2083 318 2124; x_wconf 78' lang='grc' dir='ltr'>Ι</span> <span class='ocrx_word' id='word_1_251' title='bbox 342 2081 395 2115; x_wconf 82' lang='lat' dir='ltr'>Ti.</span> <span class='ocrx_word' id='word_1_252' title='bbox 424 2081 594 2115; x_wconf 39' lang='lat' dir='ltr'>cru-sinus:</span> <span class='ocrx_word' id='word_1_253' title='bbox 620 2082 660 2117; x_wconf 84' lang='lat' dir='ltr'>T.</span> <span class='ocrx_word' id='word_1_254' title='bbox 684 2080 806 2114; x_wconf 79' lang='lat' dir='ltr'>MAP</span> <span class='ocrx_word' id='word_1_255' title='bbox 879 2084 920 2113; x_wconf 91' lang='lat'>10</span> <span class='ocrx_word' id='word_1_256' title='bbox 941 2091 1071 2124; x_wconf 75' lang='lat' dir='ltr'>parens</span> <span class='ocrx_word' id='word_1_257' title='bbox 1099 2079 1269 2114; x_wconf 81' lang='lat' dir='ltr'>Ursinus:</span> <span class='ocrx_word' id='word_1_258' title='bbox 1297 2089 1423 2123; x_wconf 73' lang='lat' dir='ltr'>parem</span> <span class='ocrx_word' id='word_1_259' title='bbox 1443 2080 1519 2113; x_wconf 77' lang='grc' dir='ltr'>ΑΡ</span> 
     </span>
     <span class='ocr_line' id='line_1_35' title="bbox 181 2125 1515 2174; baseline -0.002 -12"><span class='ocrx_word' id='word_1_260' title='bbox 181 2129 184 2174; x_wconf 83' lang='grc' dir='ltr'>Ι</span> <span class='ocrx_word' id='word_1_261' title='bbox 214 2128 366 2163; x_wconf 75' lang='lat' dir='ltr'>extorsit</span> <span class='ocrx_word' id='word_1_262' title='bbox 393 2128 491 2162; x_wconf 74' lang='lat' dir='ltr'>MA:</span> <span class='ocrx_word' id='word_1_263' title='bbox 518 2138 583 2162; x_wconf 85' lang='lat' dir='ltr'>om.</span> <span class='ocrx_word' id='word_1_264' title='bbox 613 2128 648 2161; x_wconf 79' lang='lat'>1&gt;</span> <span class='ocrx_word' id='word_1_265' title='bbox 674 2130 677 2170; x_wconf 88' lang='grc' dir='ltr'>Ι</span> <span class='ocrx_word' id='word_1_266' title='bbox 706 2127 876 2161; x_wconf 69' lang='lat' dir='ltr'>Raetiam</span> <span class='ocrx_word' id='word_1_267' title='bbox 902 2127 953 2160; x_wconf 75' lang='lat' dir='ltr'>A:</span> <span class='ocrx_word' id='word_1_268' title='bbox 986 2125 1158 2160; x_wconf 76' lang='lat' dir='ltr'>Rhetiam</span> <span class='ocrx_word' id='word_1_269' title='bbox 1188 2126 1222 2159; x_wconf 92' lang='lat' dir='ltr'>P</span> <span class='ocrx_word' id='word_1_270' title='bbox 1328 2130 1365 2160; x_wconf 92' lang='lat'>11</span> <span class='ocrx_word' id='word_1_271' title='bbox 1395 2137 1438 2160; x_wconf 80' lang='lat' dir='ltr'>ac</span> <span class='ocrx_word' id='word_1_272' title='bbox 1467 2127 1515 2160; x_wconf 87' lang='lat' dir='ltr'>P:</span> 
     </span>
     <span class='ocr_line' id='line_1_36' title="bbox 179 2172 1516 2218; baseline -0.001 -10"><span class='ocrx_word' id='word_1_273' title='bbox 179 2177 215 2208; x_wconf 77' lang='lat' dir='ltr'>ct</span> <span class='ocrx_word' id='word_1_274' title='bbox 240 2175 273 2208; x_wconf 84' lang='grc' dir='ltr'><strong><em>Α</em></strong></span> <span class='ocrx_word' id='word_1_275' title='bbox 297 2176 301 2218; x_wconf 90' lang='lat' dir='ltr'>l</span> <span class='ocrx_word' id='word_1_276' title='bbox 325 2174 517 2209; x_wconf 77' lang='lat' dir='ltr'>Coi-discos</span> <span class='ocrx_word' id='word_1_277' title='bbox 544 2174 618 2208; x_wconf 79' lang='grc' dir='ltr'>ΑΡ</span> <span class='ocrx_word' id='word_1_278' title='bbox 691 2178 732 2208; x_wconf 82' lang='grc'>17</span> <span class='ocrx_word' id='word_1_279' title='bbox 761 2173 894 2207; x_wconf 81' lang='lat' dir='ltr'>Albani</span> <span class='ocrx_word' id='word_1_280' title='bbox 920 2172 1047 2207; x_wconf 84' lang='lat' dir='ltr'>Hiberi</span> <span class='ocrx_word' id='word_1_281' title='bbox 1073 2172 1215 2215; x_wconf 52' lang='lat' dir='ltr'>gHideri</span> <span class='ocrx_word' id='word_1_282' title='bbox 1238 2173 1287 2216; x_wconf 72' lang='lat' dir='ltr'>A)</span> <span class='ocrx_word' id='word_1_283' title='bbox 1314 2184 1355 2207; x_wconf 73' lang='lat' dir='ltr'>ac</span> <span class='ocrx_word' id='word_1_284' title='bbox 1383 2172 1516 2207; x_wconf 79' lang='lat' dir='ltr'>deinde</span> 
     </span>
     <span class='ocr_line' id='line_1_37' title="bbox 178 2219 1517 2265; baseline 0 -11"><span class='ocrx_word' id='word_1_285' title='bbox 178 2222 268 2264; x_wconf 78' lang='grc' dir='ltr'>ΑΡ,</span> <span class='ocrx_word' id='word_1_286' title='bbox 295 2233 354 2256; x_wconf 83' lang='lat' dir='ltr'>em.</span> <span class='ocrx_word' id='word_1_287' title='bbox 382 2222 551 2256; x_wconf 79' lang='lat' dir='ltr'>Burman</span> <span class='ocrx_word' id='word_1_288' title='bbox 650 2225 691 2256; x_wconf 89' lang='lat'>18</span> <span class='ocrx_word' id='word_1_289' title='bbox 717 2220 973 2263; x_wconf 86' lang='lat' dir='ltr'>Eniochosque</span> <span class='ocrx_word' id='word_1_290' title='bbox 999 2221 1034 2253; x_wconf 82' lang='grc' dir='ltr'><strong><em>Α</em></strong></span> <span class='ocrx_word' id='word_1_291' title='bbox 1132 2223 1175 2253; x_wconf 78' lang='lat'>‘20</span> <span class='ocrx_word' id='word_1_292' title='bbox 1202 2219 1254 2253; x_wconf 90' lang='lat' dir='ltr'>fili</span> <span class='ocrx_word' id='word_1_293' title='bbox 1281 2220 1381 2263; x_wconf 61' lang='lat'>„4121</span> <span class='ocrx_word' id='word_1_294' title='bbox 1404 2220 1517 2265; x_wconf 59' lang='grc' dir='ltr'>Ρὶιαιζ-</span> 
     </span>
     <span class='ocr_line' id='line_1_38' title="bbox 179 2265 1519 2302; baseline 0 -1"><span class='ocrx_word' id='word_1_295' title='bbox 179 2268 279 2301; x_wconf 75' lang='lat' dir='ltr'>nacis</span> <span class='ocrx_word' id='word_1_296' title='bbox 306 2269 357 2301; x_wconf 82' lang='lat' dir='ltr'>A:</span> <span class='ocrx_word' id='word_1_297' title='bbox 392 2268 599 2302; x_wconf 75' lang='lat' dir='ltr'>Pharnaces</span> <span class='ocrx_word' id='word_1_298' title='bbox 628 2267 664 2302; x_wconf 90' lang='lat' dir='ltr'>P</span> <span class='ocrx_word' id='word_1_299' title='bbox 781 2271 824 2301; x_wconf 76' lang='lat'>‘23</span> <span class='ocrx_word' id='word_1_300' title='bbox 851 2265 1016 2301; x_wconf 77' lang='lat' dir='ltr'>reuertit’</span> <span class='ocrx_word' id='word_1_301' title='bbox 1044 2266 1079 2300; x_wconf 85' lang='lat' dir='ltr'><strong><em>A</em></strong></span> <span class='ocrx_word' id='word_1_302' title='bbox 1197 2270 1240 2300; x_wconf 78' lang='lat'>25</span> <span class='ocrx_word' id='word_1_303' title='bbox 1274 2265 1519 2301; x_wconf 73' lang='lat' dir='ltr'>adfirmabant·</span> 
     </span>
     <span class='ocr_line' id='line_1_39' title="bbox 178 2315 586 2357; baseline 0.005 -10"><span class='ocrx_word' id='word_1_304' title='bbox 178 2315 268 2357; x_wconf 64' lang='grc' dir='ltr'><em>ΑΙ),</em></span> <span class='ocrx_word' id='word_1_305' title='bbox 295 2326 354 2348; x_wconf 82' lang='lat' dir='ltr'>em.</span> <span class='ocrx_word' id='word_1_306' title='bbox 386 2315 586 2349; x_wconf 76' lang='lat' dir='ltr'>Mommsen</span> 
     </span>
    </p>
   </div>
   <div class='ocr_carea' id='block_1_6' title="bbox 1538 798 1569 822">
    <p class='ocr_par' dir='ltr' id='par_1_8' title="bbox 1538 798 1569 822">
     <span class='ocr_line' id='line_1_40' title="bbox 1538 798 1569 822; baseline 0 0"><span class='ocrx_word' id='word_1_307' title='bbox 1538 798 1569 822; x_wconf 89' lang='lat'>10</span> 
     </span>
    </p>
   </div>
   <div class='ocr_carea' id='block_1_7' title="bbox 1538 1089 1569 1114">
    <p class='ocr_par' dir='ltr' id='par_1_9' title="bbox 1538 1089 1569 1114">
     <span class='ocr_line' id='line_1_41' title="bbox 1538 1089 1569 1114; baseline 0.032 -1"><span class='ocrx_word' id='word_1_308' title='bbox 1538 1089 1569 1114; x_wconf 86' lang='lat'>15</span> 
     </span>
    </p>
   </div>
   <div class='ocr_carea' id='block_1_8' title="bbox 1537 1382 1570 1406">
    <p class='ocr_par' dir='ltr' id='par_1_10' title="bbox 1537 1382 1570 1406">
     <span class='ocr_line' id='line_1_42' title="bbox 1537 1382 1570 1406; baseline 0 0"><span class='ocrx_word' id='word_1_309' title='bbox 1537 1382 1570 1406; x_wconf 78' lang='lat'>20</span> 
     </span>
    </p>
   </div>
  </div>
 </body>
</html>
