1635 2572
194 165 274 208 138

189 271 218 306 L
248 271 544 316 Asprenas,Vari
558 271 718 315 legatus,
738 282 820 315 par-

213 321 288 353 tem
321 318 398 352 eius
437 317 618 352 exereitus
659 318 821 352 servavit

216 370 298 407 120,
321 370 351 399 3.
382 364 606 408 patrimonia
633 365 698 398 sub
721 365 819 399 Varo

215 422 406 446 caesorum
434 413 593 455 occupat
619 412 707 447 ibid.

187 458 346 502 Assyriis
395 457 590 501 imperium
639 458 749 492 Asiae
799 469 821 492 a

212 504 329 538 Medis
379 504 594 548 ademptum
645 508 681 548 1,
724 509 761 548 6,
803 510 817 539 1

212 553 249 585 et
275 555 305 586 6.

188 598 332 641 asylum
364 608 386 632 a
416 597 575 632 Romulo
613 597 753 632 factum
790 601 820 641 1,

212 649 250 687 8,
277 649 308 679 6.

187 691 356 725 Athenae
383 695 415 733 1,
441 694 474 732 2,
501 695 532 725 4.
579 690 644 725 sub
672 690 820 736 regibus

212 749 291 773 esse
325 737 514 772 desierunt
545 742 580 780 1,
607 741 644 780 2,
671 741 702 772 2.
754 737 820 771 sub

211 784 449 819 archontibus
477 788 508 827 1,
535 788 566 826 2,
594 788 624 818 2.
653 788 684 827 8,
711 788 730 818 3
761 785 819 827 (ef.

211 832 431 875 archontes).
477 841 520 866 eo
547 830 697 875 Pelasgi
723 841 821 865 com-

211 878 417 923 migravere
454 881 491 921 1,
520 881 559 921 3,
587 882 616 912 1.
667 877 822 912 Athenis

209 924 367 969 profecti
398 924 504 959 Iones
539 929 574 967 1,
607 928 645 968 4,
678 929 708 959 3.
769 924 821 958 ibi

211 971 445 1016 Olympieum
519 970 565 1005 ab
636 971 820 1005 Antiocho

210 1018 344 1062 Epiph.
378 1018 594 1052 inchoatum
627 1022 664 1060 1,
700 1021 759 1060 10,
790 1022 819 1051 1.

209 1064 445 1108 eloquentiae
469 1064 642 1108 operibus
663 1064 821 1099 Graeca—

209 1123 290 1146 rum
329 1111 523 1145 civitatum
560 1110 718 1145 maxime
757 1110 821 1144 flo-

208 1159 333 1193 rentes
361 1162 391 1202 1,
419 1160 474 1200 18,
501 1161 531 1191 1.
578 1167 599 1191 a
626 1157 729 1192 Sulla
753 1156 820 1191 Mi—

208 1204 366 1239 thridati
391 1204 541 1249 ereptae
567 1208 599 1248 2,
625 1208 668 1239 23
696 1216 747 1248 sq.

184 1251 429 1286 Athenienses
466 1255 503 1294 1,
541 1254 578 1294 2,
617 1255 648 1286 3.
687 1255 748 1294 18,
788 1254 818 1285 1.

210 1297 388 1333 Chalcida
413 1298 451 1332 et
475 1297 659 1332 Eretriam
684 1297 723 1331 in
747 1297 819 1331 Eu-

209 1345 305 1380 boea
331 1344 494 1379 condunt
521 1348 552 1386 1,
572 1349 604 1387 4,
626 1348 655 1378 1.
693 1355 819 1378 eorum

208 1392 300 1426 fides
331 1391 369 1425 in
400 1391 588 1426 Romanos
618 1391 718 1425 bello
752 1391 819 1425 Mi-

207 1437 410 1473 thridatico
438 1442 470 1481 2,
490 1441 546 1480 23,
566 1442 597 1471 4.
630 1437 819 1472 decretum

209 1485 254 1519 de
282 1484 467 1519 oblivione
493 1494 616 1519 rerum
642 1483 819 1528 praeteri-

208 1534 331 1566 tarum
358 1535 412 1574 58,
440 1535 471 1565 2.

185 1579 411 1613 athletarum
437 1577 619 1612 ludicrum
649 1581 727 1621 123,
755 1581 784 1612 1.

185 1625 289 1668 Atia,
327 1625 443 1660 Iuliae
480 1623 646 1659 Caesaris
685 1623 819 1659 sororis

208 1672 285 1706 filia
322 1675 383 1714 59,
419 1675 450 1706 2.
506 1671 663 1715 Augusti
702 1672 820 1705 mater

208 1719 296 1754 ibid.
324 1722 355 1752 et
382 1722 437 1760 60,
465 1722 494 1752 1.

185 1764 223 1800 C.
249 1764 384 1799 Atilius
411 1764 586 1799 Serranus
614 1764 740 1799 consul
770 1765 816 1807 (u.

209 1823 237 1846 o.
273 1814 371 1855 648),
411 1811 475 1846 sub
516 1822 587 1855 quo
620 1811 818 1856 Pompeius

208 1858 255 1892 M.
282 1860 390 1893 natus
417 1859 473 1892 est
499 1862 559 1901 53,
589 1862 640 1893 14.

184 1905 317 1939 Atreus
344 1904 474 1948 Pelopi
500 1904 598 1948 patri
630 1905 737 1939 ludos
762 1904 817 1939 fu-

207 1952 340 1986 nebres
366 1951 578 1995 Olympicos
604 1951 767 1987 instituit
789 1956 818 1994 1,

183 2045 330 2079 Attalus
350 2044 476 2080 Asiam
496 2045 634 2089 populo
652 2044 692 2079 R.
714 2045 817 2080 here-

208 2091 382 2126 ditariam
407 2091 558 2135 reliquit
584 2095 616 2134 2,
642 2095 675 2135 4,
698 2095 726 2126 1.
754 2091 817 2126 At-

207 2139 275 2173 tali
301 2148 406 2183 reges
434 2142 495 2181 38,
523 2142 553 2173 5.

183 2185 298 2220 Attici
325 2190 361 2228 1,
388 2189 426 2227 2,
455 2189 470 2219 1
501 2196 552 2229 sq.
581 2188 619 2227 4,
648 2189 676 2219 1.
728 2184 816 2219 fines

210 2237 239 2272 1,
266 2236 298 2273 2,
325 2235 355 2265 2.
401 2231 526 2266 Attica
553 2231 642 2266 fides
668 2231 706 2265 in
732 2242 815 2275 pro—

205 2278 372 2312 verbium
400 2278 493 2313 abiit
519 2282 550 2321 2,
577 2282 632 2321 23,
659 2281 690 2312 4.
730 2277 816 2312 urbs

205 2324 330 2358 Attica
360 2329 389 2366 1,
419 2329 472 2367 18,
502 2328 530 2358 1.

677 167 848 202 RERUM
873 167 1033 203 INDEX.

892 272 1054 307 Attuarii
1065 283 1086 306 a
1094 271 1243 307 Tiberio
1254 272 1396 307 subacti
1407 276 1485 316 105,
1496 277 1526 307 1.

895 319 1096 354 Aventinus
1121 329 1226 353 mons
1251 322 1284 361 2,
1311 323 1344 362 6,
1370 323 1402 354 6.

893 366 1058 400 Avernus
1084 365 1186 400 lacus
1215 369 1269 408 79,
1296 369 1326 400 2.

893 414 1079 457 Augusta,
1137 412 1263 446 Liviae
1321 422 1526 457 cognomen

919 464 980 501 71,
1007 464 1037 494 3.

894 507 1080 550 Augustus
1106 516 1136 540 v.
1165 505 1399 540 Octavianus.

895 558 930 593 C.
967 558 1137 592 Aurelius
1176 557 1285 592 Cotta
1323 557 1526 592 consularis

917 606 955 639 et
973 604 1141 649 pontifex
1159 615 1253 638 max.
1268 608 1302 647 2,
1315 608 1372 648 43,
1391 609 1418 639 1.
1448 615 1524 640 ora-

916 653 975 686 tor
1001 656 1032 694 2,
1059 655 1116 694 36,
1143 655 1173 686 2.

894 704 930 739 C.
941 704 1112 738 Aurelius
1127 703 1236 738 Cotta
1250 703 1440 738 iudicandi
1450 714 1524 737 mu-

916 763 983 785 nus
1001 751 1037 785 in
1051 752 1247 794 utrumque
1263 750 1429 785 ordinem
1444 761 1527 794 par-

917 798 1008 832 titur
1034 802 1066 840 2,
1094 801 1149 840 32,
1176 801 1208 831 2.

895 849 1004 885 Cotta
1029 849 1222 884 Messalini
1246 849 1363 884 frater
1390 853 1468 891 112,
1495 852 1526 884 2.

893 902 940 937 Μ.
975 902 1145 936 Aurelius
1179 901 1336 936 Scaurus
1375 912 1397 936 a
1433 900 1527 935 Cim-

916 949 992 984 bris
1018 948 1225 983 trucidatus
1251 952 1284 991 2,
1314 952 1366 991 12,
1388 951 1418 982 2.
1448 958 1528 982 ora·

916 998 976 1030 tor
1002 1000 1033 1038 2,
1061 1000 1092 1037 9,
1122 1000 1150 1029 1.

893 1042 1089 1077 Auximum
1124 1041 1270 1076 colonia
1303 1041 1464 1076 deducta
1497 1045 1527 1084 1,

922 1093 974 1130 15,
1001 1092 1031 1122 3.

891 1135 1060 1179 Babylon
1080 1134 1210 1169 aNino
1231 1135 1269 1169 et
1284 1133 1527 1169 Semiramide

917 1181 1068 1217 condita
1095 1186 1124 1225 1,
1153 1186 1185 1224 6,
1211 1185 1242 1215 2.

891 1227 1074 1273 Bagienni
1102 1232 1132 1270 1,
1160 1231 1215 1271 15,
1241 1231 1272 1262 5.

891 1276 1028 1310 Balbus
1054 1286 1084 1309 v.
1113 1274 1312 1309 Cornelius.

890 1322 1029 1357 balinei
1059 1321 1343 1355 instrumentum
1370 1332 1392 1356 a
1417 1321 1525 1355 Tibe-

913 1369 969 1403 rio
1002 1368 1039 1402 in
1064 1368 1198 1402 militia
1231 1368 1278 1402 ad
1304 1367 1526 1402 refovendos

914 1415 1052 1450 milites
1078 1426 1152 1449 una
1177 1416 1367 1459 portatum
1394 1419 1472 1457 114,
1493 1418 1524 1448 2.

890 1467 1071 1502 Bathinus
1097 1467 1228 1502 fluvius
1257 1471 1334 1510 114,
1361 1471 1391 1502 4.

890 1520 985 1555 Bato
1006 1519 1279 1554 Pannoniorum
1300 1519 1373 1553 dux
1395 1523 1472 1561 110,
1494 1523 1524 1554 4.

915 1578 936 1602 a
962 1566 1138 1601 Romanis
1165 1567 1295 1611 captus
1322 1570 1401 1609 114,
1427 1570 1457 1601 4.

890 1619 991 1655 bella
1036 1618 1161 1653 civilia
1203 1618 1380 1653 vicesimo
1429 1628 1525 1653 anno

913 1665 1018 1700 finita
1044 1670 1076 1708 2,
1102 1669 1159 1707 48,
1185 1669 1216 1701 3.
1245 1668 1301 1708 89,
1327 1669 1358 1700 3.

890 1718 1031 1753 bellum
1063 1718 1259 1752 Actiacum
1292 1721 1330 1761 2,
1363 1720 1522 1752 84-86,

914 1764 1080 1800 Africum
1118 1765 1293 1799 adversus
1331 1764 1524 1808 Pompeia-

914 1822 981 1846 nos
1008 1815 1064 1854 54,
1091 1815 1121 1846 2.
1149 1816 1206 1854 55,
1234 1815 1250 1845 1
1280 1822 1331 1855 sq.
1377 1811 1443 1845 sub
1465 1810 1525 1845 Ti-

913 1858 1016 1893 berio
1045 1862 1127 1901 129,
1155 1862 1184 1892 5.
1236 1857 1525 1893 Alexandrinum

915 1916 937 1940 a
963 1905 1119 1939 Caesare
1146 1906 1292 1949 gestum
1319 1909 1375 1947 54,
1404 1909 1432 1939 1.
1478 1905 1524 1939 ab

915 1951 1119 1987 Octaviano
1163 1951 1245 1986 adv.
1288 1950 1524 1995 Cleopatram

915 2000 953 2033 et
977 1997 1179 2032 Antonium
1205 2002 1261 2040 87,
1290 2002 1306 2032 1
1334 2009 1386 2041 sq.
1414 2000 1470 2038 88,
1494 2002 1522 2031 1.

914 2044 1178 2080 Antiochinum
1203 2048 1258 2086 39,
1279 2048 1309 2078 2.
1347 2043 1523 2079 Catilina-

914 2091 1008 2125 rium
1040 2095 1103 2134 35,
1135 2095 1166 2126 4.
1225 2090 1449 2125 Cimbricum
1487 2092 1525 2126 et

913 2137 1159 2172 Teutonicum
1185 2141 1217 2178 2,
1240 2141 1294 2178 12,
1320 2141 1339 2171 2
1362 2149 1438 2181 sqq.
1469 2142 1523 2182 19,

913 2188 945 2220 3.
974 2188 1029 2225 22,
1057 2188 1087 2218 3.
1122 2183 1230 2218 civile
1251 2184 1347 2219 inter
1367 2184 1522 2219 Marium

914 2233 951 2265 et
983 2230 1123 2265 Sullam
1156 2235 1193 2273 2,
1222 2235 1282 2273 18,
1314 2235 1458 2274 4-23,
1490 2235 1521 2266 3.

913 2281 969 2319 24,
995 2280 1120 2311 3-28.
1155 2277 1250 2311 inter
1270 2277 1465 2313 Caesarem
1487 2280 1524 2313 et

912 2323 1130 2368 Pompeium
1151 2327 1299 2360 48-55.
1334 2325 1431 2360 inter
1451 2325 1523 2360 An-
