1635 2572
197 128 252 169 80
849 129 878 162 ll

197 249 288 276 suae
322 238 477 277 Cassius
511 239 624 275 etiam
656 236 767 275 Bruti
799 235 1043 275 clementiam
1074 238 1258 276 vinceret.
1311 250 1435 289 neque
1469 250 1527 277 re-

196 298 341 347 perias,
384 308 481 346 quos
521 302 583 333 aut
627 296 787 345 pronior
825 295 979 333 fortuna
1020 296 1201 333 comitata
1234 296 1283 333 sit
1314 302 1379 334 aut
1411 296 1529 336 veluti

197 356 349 405 fatigata
383 355 574 392 maturius
607 352 829 391 destituerit
861 365 975 403 quam
1007 352 1171 390 Brutum
1205 358 1243 391 et
1274 352 1460 393 Cassium.

157 421 173 450 1
315 410 380 450 70.
430 411 528 449 Tum
567 410 707 449 Caesar
745 416 783 449 et
820 411 1010 449 Antonius
1052 412 1290 449 traiecerunt
1334 414 1529 452 exercitus

195 473 233 508 in
254 470 515 507 Macedoniam
550 475 586 507 et
619 468 720 519 apud
752 468 891 507 urbem
910 468 1109 520 Philippos
1130 481 1219 507 cum
1239 468 1360 508 Bruto
1381 470 1530 510 Cassio·
1549 480 1565 506 5

195 540 270 578 que
303 529 383 566 acie
417 533 714 566 concurrerunt.
777 539 917 579 cornu,
957 528 1020 565 cui
1050 526 1197 566 Brutus
1229 535 1423 581 praeerat,
1461 531 1529 568 im·

193 586 316 637 pulsis
357 585 535 624 hostibus
577 592 701 624 castra
740 584 915 624 Caesaris
960 586 1062 636 cepit
1106 581 1214 637 (nam
1258 587 1340 637 ipse
1379 586 1532 639 Caesar,

193 645 345 683 etiamsi
377 646 665 683 infirmissimus
697 643 914 682 valetudine
947 650 1045 695 erat,
1084 643 1214 682 obibat
1245 646 1377 683 munia
1408 645 1531 698 ducis,

193 708 327 741 oratus
359 704 473 741 etiam
506 702 552 741 ab
584 703 738 741 Artorio
770 703 938 753 medico,
977 715 1024 740 ne
1057 703 1096 740 in
1129 704 1266 741 castris
1298 710 1531 756 remaneret,

193 762 396 800 manifesta
429 762 721 800 denuntiatione
755 762 896 811 quietis
930 756 1105 812 territo),
1138 761 1174 799 id
1208 767 1354 813 autem,
1386 763 1424 800 in
1451 774 1529 813 quo
1550 774 1584 797 lo

195 819 351 858 Cassius
392 820 535 871 suerat,
573 820 748 870 fugatum
786 831 827 857 ac
867 818 962 857 male
1002 818 1213 857 mulcatum
1251 821 1290 857 in
1323 819 1458 858 altiora
1488 833 1530 860 se

154 884 398 929 2receperat
442 878 534 917 loca.
609 884 691 917 tum
735 877 890 916 Cassius
941 889 986 915 ex
1030 889 1099 916 sua
1150 878 1304 916 fortuna
1348 884 1530 917 eventum

195 936 362 987 collegae
402 938 627 988 aestimans,
669 948 757 975 cum
797 936 1006 974 dimisisset
1039 941 1240 974 evocatum
1272 937 1528 987 iussissetque

194 997 373 1033 nuntiare
406 994 497 1046 sibi,
531 1007 627 1045 quae
660 1000 763 1033 esset
795 993 1002 1032 multitudo
1029 1006 1070 1032 ac
1092 996 1148 1032 vis
1181 994 1398 1046 hominum,
1431 1007 1528 1045 quae

193 1053 240 1091 ad
273 1065 313 1091 se
346 1053 543 1104 tenderet,
577 1053 724 1091 tardius
756 1064 801 1090 eo
834 1054 1054 1102 nuntiante,
1087 1064 1176 1090 cum
1195 1053 1235 1090 in
1267 1054 1392 1090 vicino
1425 1060 1529 1093 esset
1549 1063 1582 1088 1⁵

193 1123 331 1161 agmen
364 1123 482 1149 cursu
515 1110 560 1149 ad
595 1123 683 1148 eum
716 1110 959 1149 tendentium
980 1121 1105 1160 neque
1139 1109 1296 1160 pulvere
1325 1112 1443 1149 facies
1463 1118 1529 1150 aut

194 1171 302 1220 signa
335 1169 511 1207 denotari
543 1175 719 1220 possent,
753 1170 977 1207 existimans
1009 1168 1141 1206 hostes
1171 1180 1274 1220 esse,
1306 1170 1373 1219 qui
1404 1171 1527 1208 irrue-

194 1234 298 1279 rent,
330 1227 483 1266 lacerna
516 1233 630 1278 caput
664 1226 920 1265 circumdedit
943 1232 1216 1276 extentamque
1249 1229 1441 1266 cervicem
1472 1229 1527 1267 in-

153 1287 355 1324 3territus
399 1285 538 1324 liberto
582 1284 773 1336 praebuit.
846 1284 1042 1323 deciderat
1086 1284 1207 1323 Cassii
1256 1292 1388 1337 caput,
1439 1298 1529 1325 cum

194 1350 376 1382 evocatus
427 1344 579 1382 advenit
623 1345 807 1382 nuntians
850 1342 1015 1381 Brutum
1060 1355 1143 1381 esse
1189 1344 1386 1383 victorem.
1461 1346 1582 1395 qui2o

194 1415 282 1441 cum
307 1404 582 1453 imperatorem
603 1407 842 1452 prostratum
863 1401 1028 1453 videret,
1060 1413 1219 1452 sequar,
1251 1403 1394 1454 inquit,
1427 1414 1528 1456 eum,

194 1472 308 1511 quem
353 1472 437 1499 mea
481 1460 623 1499 occidit
660 1460 837 1511 tarditas,
882 1466 920 1498 ct
962 1461 1014 1498 ita
1052 1461 1091 1498 in
1130 1460 1299 1510 gladium
1338 1460 1527 1500 incubuit.

153 1525 173 1556 4
193 1525 281 1569 post
311 1531 456 1570 paucos
488 1519 626 1558 deinde
660 1518 742 1556 dies
770 1517 915 1557 Brutus
947 1517 1119 1557 conflixit
1151 1531 1240 1557 eum
1280 1518 1456 1558 hostibus
1489 1526 1527 1558 et

195 1579 318 1615 victus
351 1579 431 1615 acie
466 1589 554 1616 cum
586 1579 624 1615 in
658 1576 851 1616 tumulum
883 1582 997 1615 nocte
1029 1589 1076 1614 ex
1108 1577 1196 1627 suga
1228 1588 1269 1615 se
1301 1579 1526 1629 recepisset,

194 1637 414 1686 impetravit
451 1647 470 1673 a
503 1634 684 1674 Stratone
726 1634 908 1685 Aegeate,
948 1634 1124 1673 familiari
1163 1646 1251 1686 suO,
1288 1641 1328 1673 ut
1369 1647 1526 1674 manum
1546 1646 1579 1671 25

153 1701 172 1731 5
194 1695 383 1732 morituro
423 1694 687 1732 commodaret
724 1693 814 1744 silJi3
856 1695 1079 1743 reiectoque
1118 1692 1223 1731 laevo
1262 1705 1380 1744 super
1411 1700 1526 1745 caput

193 1751 369 1803 brachio,
402 1764 490 1790 cum
522 1763 749 1791 mucronem
773 1751 887 1802 gladii
907 1753 990 1790 eius
1011 1751 1168 1789 dextera
1189 1757 1327 1789 tenens
1347 1753 1525 1792 sinistrae

194 1810 426 1848 admovisset
458 1810 686 1849 mammillae
707 1810 752 1848 ad
783 1822 872 1848 eum
891 1811 1018 1860 ipsum
1050 1809 1196 1861 locum,
1228 1821 1302 1860 qua
1335 1822 1401 1849 cor
1433 1813 1525 1849 emi-

194 1874 272 1919 cat,
311 1869 512 1919 impellens
553 1882 592 1907 se
632 1871 670 1907 in
705 1868 842 1907 vulnus
875 1880 951 1907 uuo
985 1870 1065 1906 ictu
1098 1868 1305 1907 transfixus
1338 1870 1525 1920 expiravit

194 1928 383 1977 protinus.
1545 1939 1578 1965 30

287 2055 307 2084 5
335 2062 415 2085 cum
442 2052 611 2094 monster:
645 2062 727 2086 cum
753 2051 800 2085 M.
826 2050 902 2085 ΑΡ
1068 2055 1109 2085 10
1135 2049 1326 2084 manifeste
1353 2050 1437 2093 ΑΡ,
1463 2062 1525 2086 em.

193 2097 369 2132 Heinsius
394 2098 624 2140 (manifestae
661 2098 898 2139 l'uscosanus)
1011 2101 1051 2131 11
1079 2097 1295 2131 mulctatum
1322 2099 1367 2139 A,
1395 2098 1526 2133 multa—

193 2145 269 2176 tum
300 2144 342 2186 P,
369 2155 430 2179 cm.
461 2144 647 2178 'Puteanus
670 2147 673 2186 Ι
698 2156 734 2179 se
761 2145 843 2180 add.
871 2144 1038 2178 (lc-lenius
1183 2148 1224 2177 14
1249 2144 1408 2178 nuntiari
1435 2146 1467 2179 A
1495 2149 1526 2180 et

194 2191 346 2225 Gladius
448 2195 489 2224 *22
518 2192 689 2226 occubuit
714 2192 747 2225 A
853 2195 896 2225 24
923 2191 958 2225 in
985 2189 1182 2223 tumultum
1209 2189 1285 2223 ΑΙ)
1390 2195 1432 2226 ‘25
1460 2191 1526 2226 iiu—

193 2237 336 2280 peruuit
362 2238 556 2272 Astrutoue
584 2239 768 2280 Aegea'tae
785 2238 818 2272 A
883 2241 926 2271 ‘28
954 2237 1139 2271 mamillae
1160 2238 1194 2270 A
1264 2241 1306 2271 29
1334 2238 1525 2282 expirauit.

193 2281 369 2317 l‘rotenus
403 2285 585 2326 tl'rotinus
616 2285 664 2326 Γ)
698 2284 871 2318 Messalla
903 2283 1073 2326 tMessala
1100 2285 1148 2326 A)
1184 2282 1268 2326 ΑΡ,
1301 2285 1412 2329 expir.
1444 2295 1527 2330 pro-
