1635 2572
93 414 112 443 0⁹!

94 1171 112 1200 rD

95 1578 113 1609 0:

97 1871 116 1901 4

133 121 188 162 62
786 120 818 154 ΙΙ

134 230 358 269 consulatus
391 229 565 280 exemplo
598 228 743 280 inutili,
781 227 847 266 sed
881 228 980 266 sacto
1014 227 1171 267 salutari
1203 231 1260 267 rei
1292 229 1468 281 publicae

133 291 235 328 circa
279 288 443 327 Bovillas
488 293 686 326 contracta
729 298 774 324 ex
819 298 986 324 occursu
1037 287 1118 324 rixa
1161 287 1356 337 iugulatus
1399 295 1469 328 est.

133 348 313 390 Milonem
340 358 451 384 reum
477 357 554 383 non
581 346 701 395 magis
728 344 868 382 invidia
890 345 979 382 sacti
1001 356 1115 394 quam
1135 344 1295 396 Pompei
1316 346 1469 385 damna-

134 408 185 444 vit
224 405 417 454 voluntas3
456 415 572 454 quem
611 402 768 453 quidem
805 402 852 441 M.
893 401 985 441 Cato
1023 402 1147 453 palam
1190 402 1265 442 lata
1309 403 1472 444 absolvit

133 465 342 502 sententia:
387 463 453 512 qui
497 463 529 500 si
573 463 763 500 maturius
804 460 975 512 tulisset,
1022 472 1100 499 non
1144 460 1360 501 defuissent
1403 463 1506 514 quis

133 526 394 572 sequerentur
431 519 650 570 exemplum
681 518 972 570 probarentque
1010 531 1100 557 eum
1132 521 1254 558 civem
1287 522 1472 577 occisum,

133 592 209 631 quo
242 591 355 618 nemo
388 579 646 630 perniciosior
677 579 734 616 rei
763 576 940 629 publicae
973 588 1100 628 neque
1133 577 1245 617 bonis
1277 580 1473 618 inimicior

134 640 292 677 vixerat.

249 694 317 736 48.
379 695 484 734 Intra
517 694 633 734 breve
668 693 806 733 deinde
841 696 1008 745 spatium
1039 693 1130 733 belli
1163 695 1286 734 civilis
1319 708 1471 735 exarse-

133 760 225 793 runt
263 756 388 806 initia,
432 766 520 792 cum
558 754 796 792 iustissimus
835 753 999 803 quisque
1039 759 1077 792 et
1115 765 1135 791 a
1174 752 1338 792 Caesare
1376 761 1414 793 et
1452 767 1471 793 a
1493 766 1526 792 10

133 813 317 864 Pompeio
351 812 465 851 vellet
497 812 638 850 dimitti
670 812 882 862 exercitus3
923 812 1065 862 quippe
1098 811 1307 862 Pompeius
1338 814 1378 850 in
1414 824 1472 852 se-

134 872 260 911 cundo
300 870 503 909 consulatu
542 870 747 921 Hispanias
791 868 864 907 sibi
909 869 1067 907 decerni
1112 870 1286 909 voluerat
1330 883 1472 922 easque

134 942 204 981 per
242 931 455 969 triennium
494 928 632 967 absens
672 929 754 979 ipse
793 939 835 966 ac
875 928 1102 978 praesidens
1139 927 1228 967 urbi
1265 941 1335 980 per
1366 930 1473 968 Afra-

134 990 242 1027 nium
269 994 306 1027 et
330 987 547 1039 Petreium,
574 986 818 1025 consularem
845 997 888 1024 ac
914 988 1170 1038 praetorium,
1196 986 1343 1038 legatos
1370 1000 1474 1041 suos,

134 1045 428 1085 administrabat
461 1052 499 1084 et
530 1047 595 1096 iis,
634 1046 700 1095 qui
738 1057 758 1082 a
791 1043 954 1083 Caesare
988 1045 1238 1083 dimittendos
1277 1048 1472 1085 exercitus
1494 1058 1527 1084 15

135 1104 440 1156 contendebant,
478 1102 771 1154 adsentabatur,
804 1104 868 1153 iis,
902 1104 968 1153 qui
1001 1102 1046 1141 ab
1078 1104 1162 1153 ipso
1197 1115 1369 1156 quoque,
1409 1104 1472 1143 ad-

134 1163 373 1202 versabatur.
437 1163 503 1212 qui
542 1163 574 1200 si
611 1166 699 1200 ante
738 1160 957 1213 biennium,
996 1173 1111 1211 quam
1149 1161 1195 1199 ad
1233 1174 1339 1201 arma
1375 1163 1473 1202 itum

135 1228 212 1274 est,
244 1222 430 1273 perfectis
463 1219 693 1259 muneribus
727 1219 869 1258 theatri
902 1224 940 1257 et
972 1218 1136 1258 aliorum
1162 1232 1342 1273 operum,
1375 1233 1473 1272 quae

135 1283 170 1319 ei
197 1279 471 1328 circumdedit,
498 1279 722 1329 gravissima
755 1283 966 1330 temptatus
994 1277 1212 1316 valetudine
1240 1279 1474 1318 decessisset

135 1341 174 1378 in
207 1338 432 1389 Campania,
472 1332 568 1389 (quo
608 1336 765 1386 quidem
804 1341 978 1387 tempore
1022 1337 1203 1375 universa
1241 1336 1348 1376 Italia
1386 1344 1472 1377 vota
1493 1351 1526 1376 20

134 1409 206 1449 pro
240 1396 362 1435 salute
395 1397 478 1433 eius
517 1396 633 1446 primi
672 1395 846 1432 omnium
879 1395 1019 1433 civium
1054 1391 1245 1448 suscepit)
1285 1395 1475 1435 defuisset

136 1458 314 1494 fortunae
359 1452 587 1492 destruendi
631 1454 715 1491 eius
753 1452 862 1491 locus
907 1458 961 1505 et,
1007 1464 1121 1504 quam
1165 1453 1266 1504 apud
1311 1466 1474 1506 superos

135 1514 325 1552 habuerat
367 1511 692 1563 magnitudinem,
736 1510 934 1549 inlibatam
978 1511 1182 1550 detulisset
1225 1511 1271 1550 ad
1315 1513 1473 1551 inferos.

136 1573 236 1611 bello
270 1576 400 1610 autem
440 1569 541 1609 civili
579 1575 618 1608 et
650 1575 722 1621 tot,
764 1581 861 1620 quae
901 1569 1039 1607 deinde
1078 1582 1149 1620 per
1182 1572 1388 1609 continuos
1420 1572 1472 1609 vi-

135 1632 231 1681 ginti
252 1642 373 1668 annos
395 1634 604 1667 consecuta
625 1633 733 1680 sunt,
757 1627 867 1666 malis
887 1639 964 1666 non
985 1627 1082 1666 alius
1103 1629 1289 1666 maiorem
1310 1628 1470 1680 flagran-
1493 1645 1526 1671 25

138 1691 354 1738 tioremque
388 1699 503 1737 quam
536 1686 574 1725 C.
597 1686 714 1725 Curio
748 1685 929 1724 tribunus
960 1685 1009 1736 pl.
1044 1685 1210 1724 subiecit
1243 1687 1383 1739 facem,
1416 1690 1473 1726 vir

137 1747 293 1798 nobilis,
336 1746 540 1798 eloquens,
579 1744 722 1797 audax,
761 1756 851 1782 suae
891 1743 1114 1795 alienaeque
1155 1751 1193 1783 et
1225 1746 1403 1784 fortunae
1436 1752 1475 1785 et

137 1806 345 1857 pudicitiae
373 1804 577 1856 prodigus,
609 1803 724 1841 homo
750 1804 1060 1853 ingeniosissime
1090 1814 1255 1853 nequam
1282 1810 1320 1842 et
1343 1806 1472 1843 sacun-

137 1864 209 1902 ‹lus
242 1863 340 1901 malo
373 1862 548 1914 publico,
587 1863 699 1900 cuius
741 1862 867 1899 animo
902 1859 1183 1912 [voluptatibus
1216 1861 1274 1900 vel
1307 1861 1473 1901 libidini-

233 2002 250 2033 1
277 1998 399 2032 inutili
427 1997 490 2031 sed
523 1997 692 2032 Ursinus:
720 1996 898 2031 inutiliter
922 1996 1012 2039 ΑΡ,
1039 1997 1161 2030 inutili
1188 1997 1277 2039 (sine
1303 1997 1380 2032 sed]
1407 1998 1475 2033 Ge—

138 2046 253 2081 lenius
335 2050 354 2079 9
381 2044 489 2079 bellis
518 2044 553 2078 P
638 2048 679 2078 13
706 2043 922 2078 Asi-annium
950 2043 999 2086 P,
1030 2043 1258 2077 Asricanium
1286 2044 1346 2086 ΙΙΙ,
1379 2044 1474 2078 Afri-

138 2104 267 2128 canum
294 2092 328 2125 A
452 2096 493 2125 10
520 2091 782 2125 adsentabatur
807 2101 871 2124 om.
898 2091 932 2123 A
968 2092 972 2131 1
1008 2090 1053 2124 ab
1085 2090 1165 2133 ipso
1203 2101 1346 2134 quoque
1375 2092 1474 2126 MA:

138 2138 376 2173 dimittendos
404 2137 448 2172 ab
476 2137 628 2182 ipsoque
652 2138 687 2170 P
711 2148 753 2171 ex
780 2137 1052 2180 interpolatione
1072 2136 1242 2171 Ii'leenam?
1330 2142 1371 2171 19
1398 2139 1475 2172 ten—

137 2188 235 2220 tatus
265 2186 300 2219 1¹
407 2189 447 2218 21
479 2185 597 2228 primo
625 2184 716 2226 ΛΡ,
742 2196 802 2218 em.
838 2183 1063 2218 Vascosanus
1181 2187 1222 2217 2¹4·
1251 2183 1351 2218 euius
1379 2184 1477 2219 Gele-

138 2234 238 2266 nius:
267 2233 372 2265 huius
400 2232 498 2274 ,11'1
523 2232 661 2275 volupt.
690 2231 746 2265 vel
775 2230 876 2264 libid.
903 2230 1055 2275 ylossum
1082 2239 1151 2265 esse
1173 2231 1261 2265 cidit
1282 2231 1473 2276 Gruterus3
1515 2240 1519 2244 ⁴

140 2279 239 2313 cuius·
269 2279 404 2312 ins-anis
432 2278 604 2321 (niiniifff)
633 2277 702 2311 vol.
730 2277 875 2312 Rulenlc.
