1635 2572
167 146 222 188 32
819 143 851 177 11

167 256 272 295 Sulla
304 267 404 294 anno
444 260 530 292 ante
563 258 745 304 praetura
783 252 957 303 functus,
999 250 1042 296 Q.
1076 249 1270 302 Metellus,
1308 249 1503 289 Numidici

125 324 143 355 4
167 315 286 366 filius,
318 315 383 364 qui
416 314 599 351 meritum
632 321 848 360 cognomen
868 309 926 348 Pii
959 314 1195 347 consecutus
1228 315 1326 347 erat:
1359 310 1501 360 quippe

167 373 372 425 expulsum
410 372 562 409 civitate
596 381 617 406 a
648 367 688 407 L.
723 367 933 406 Saturnino
972 366 1129 405 tribuno
1161 366 1224 418 pl.,
1263 366 1365 417 quod
1398 366 1503 405 solus

167 434 206 470 in
250 431 354 481 leges
398 431 482 467 eius
526 429 655 466 iurare
700 425 895 477 noluerat,
944 427 1087 476 pietate
1139 436 1225 476 sua,
1275 426 1503 464 auctoritate

168 496 343 539 senatus,
387 498 583 526 consensu
626 484 760 536 populi
798 484 961 522 Romani
999 484 1171 522 restituit
1208 488 1369 534 patrem.
1432 491 1539 522 nec5

166 546 374 598 triumphis
411 543 705 594 honoribusque
745 555 860 593 quam
899 547 964 581 aut
1004 553 1119 581 causa
1157 541 1262 580 exilii
1294 547 1358 584 aut
1392 540 1505 580 exilio

167 612 233 645 aut
264 605 393 644 reditu
426 603 567 642 clarior
599 603 672 641 suit
703 601 943 640 Numidicus.

129 675 145 703 1
288 661 352 702 16.
402 662 626 701 Italicorum
658 666 787 699 autem
820 661 979 698 fuerunt
1011 658 1258 698 celeberrimi
1284 658 1404 697 duces
1426 656 1505 696 Silo

169 722 405 773 Popaedius,
449 720 593 759 Herius
631 719 805 769 Asinius,
850 717 1018 756 Insteius
1056 717 1167 769 Cato,
1212 716 1251 755 C.
1289 716 1505 768 Pontidius,

129 791 148 820 2
170 782 375 820 Telesinus
395 779 576 830 Pontius,
597 777 741 816 Marius
761 776 966 828 Egnatius,
995 775 1138 826 Papius
1158 774 1326 814 Mutilus.
1378 786 1504 825 neque
1527 782 1559 808 10

170 852 239 890 ego
261 838 496 878 verecundia
516 837 720 875 domestici
751 836 951 886 sanguinis
983 834 1126 884 gloriae
1155 833 1383 884 quidquam,
1415 833 1508 871 dum

169 910 304 937 verum
343 898 491 948 refero,
530 894 772 934 subtraham:
824 895 967 944 quippe
1006 892 1173 931 multum
1203 891 1352 930 Minatii
1383 890 1508 942 Magii,

169 958 268 996 atavi
306 957 398 1007 mei,
442 954 738 1005 Aeculanensis,
778 951 1031 991 tribuendum
1069 957 1128 989 est
1165 951 1393 1001 memoriae,
1441 951 1508 1000 qui

171 1027 292 1066 nepos
324 1014 432 1052 Decii
463 1013 594 1064 Magii,
636 1011 921 1062 Campanorum
953 1011 1159 1061 principis,
1192 1008 1438 1047 celeberrimi
1470 1013 1508 1046 et

170 1073 385 1112 fidelissimi
417 1073 506 1122 viri,
539 1076 685 1109 tantam
716 1069 789 1108 hoc
822 1068 922 1107 bello
944 1068 1126 1106 Romanis
1158 1067 1273 1105 fidem
1303 1067 1508 1118 praestitit,
1529 1074 1562 1100 15

170 1138 213 1171 ut
246 1143 335 1170 cum
366 1131 536 1180 legione,
569 1140 684 1179 quam
715 1129 798 1178 ipse
825 1128 864 1165 in
884 1126 1058 1177 Hirpinis
1078 1127 1381 1176 conscripserat,
1413 1124 1508 1162 Her-

172 1190 379 1229 culaneum
412 1187 527 1226 simul
559 1199 649 1225 eum
680 1185 723 1224 T.
755 1185 866 1223 Didio
899 1190 1072 1236 caperet,
1110 1184 1316 1234 Pompeios
1348 1195 1438 1222 cum
1469 1182 1509 1221 L.

131 1259 150 1289 3
173 1248 278 1287 Sulla
309 1251 554 1298 oppugnaret
574 1244 857 1296 Compsamque
890 1248 1117 1294 occuparet:
1153 1243 1265 1281 cuius
1291 1241 1338 1280 de
1359 1242 1509 1280 virtuti·

171 1307 244 1346 hus
278 1318 367 1344 cum
399 1305 480 1357 alii,
517 1310 601 1342 tum
632 1304 797 1341 maxime
831 1301 998 1340 dilucide
1032 1299 1075 1346 Q.
1107 1300 1340 1339 Hortensius
1373 1301 1413 1338 in
1445 1311 1509 1338 an-

173 1364 324 1404 nalibus
363 1365 444 1402 suis
486 1361 647 1401 rettulit.
715 1362 828 1399 cuius
871 1359 926 1398 illi
968 1360 1103 1411 pietati
1146 1358 1300 1410 plenam
1343 1357 1511 1409 populus
1532 1368 1565 1394 20

173 1424 370 1462 Romanus
409 1423 571 1473 gratiam
608 1419 760 1458 rettulit
797 1420 927 1469 ipsum
958 1419 1103 1456 viritim
1135 1418 1286 1455 civitate
1320 1416 1512 1468 donando,

174 1482 271 1521 duos
303 1481 402 1519 filios
434 1481 518 1518 eius
551 1478 718 1517 creando
752 1483 971 1529 praetores,
1012 1488 1102 1515 cum
1133 1477 1217 1514 seni
1249 1475 1373 1514 adhuc
1407 1487 1511 1514 erea-

133 1546 322 1580 41·entur.
384 1545 462 1577 tam
499 1539 602 1576 varia
644 1542 759 1587 atque
798 1541 907 1574 atrox
948 1535 1104 1573 fortuna
1141 1533 1262 1573 Italici
1300 1533 1390 1572 belli
1428 1533 1512 1584 fuit,

176 1605 217 1638 ut
248 1610 318 1650 per
350 1597 551 1636 biennium
571 1596 801 1634 continuum
833 1594 909 1632 duo
930 1592 1094 1631 Romani
1113 1591 1311 1644 consules,
1344 1591 1513 1630 Rutilius

175 1670 218 1696 ac
245 1655 383 1695 deiude
407 1655 499 1694 Cato
520 1655 702 1704 Porcius,
729 1652 775 1691 ab
796 1651 974 1691 hostibus
995 1651 1285 1702 occiderentur,
1318 1651 1513 1688 exercitus
1533 1659 1567 1684 25

175 1715 308 1767 populi
331 1714 494 1752 Romani
526 1712 658 1752 multis
686 1713 726 1750 in
758 1711 852 1749 locis
885 1710 1160 1760 funderentur,
1193 1715 1312 1759 utque
1347 1707 1393 1746 ad
1425 1719 1515 1759 saga

176 1776 300 1812 iretur
334 1774 478 1822 diuque
510 1773 550 1810 in
582 1783 627 1810 eo
660 1769 793 1808 habitu
826 1774 1061 1807 maneretur.
1121 1772 1237 1818 caput
1268 1768 1422 1818 imperii
1454 1767 1516 1805 sui

178 1832 391 1870 Corfinium
434 1830 607 1881 legerant
649 1835 763 1880 atque
809 1827 1045 1879 appellarant
1088 1825 1269 1864 Italicam.
1331 1824 1515 1876 paulatim

274 1984 290 2014 1
327 1980 508 2022 funetusq.
535 1977 706 2011 Metellus
732 1976 768 2010 A
888 1979 908 2009 3
936 1985 956 2009 a
983 1975 1016 2008 A
1043 1977 1073 2009 et
1099 1974 1235 2008 Aldusi
1272 1983 1335 2008 om.
1366 1971 1401 2006 P

179 2031 199 2062 5
226 2039 259 2071 1).
286 2026 328 2060 R.
360 2026 562 2059 Puteanus:
591 2023 678 2067 reip.
706 2023 782 2057 ΑΡ
884 2025 926 2056 10
953 2021 1117 2055 Mutilius
1143 2020 1218 2054 ΑΡ
1321 2022 1360 2053 12
1389 2029 1517 2053 uerum

181 2074 230 2108 1²:
258 2084 344 2107 uero
371 2073 416 2114 A,
443 2082 530 2106 uera
559 2070 669 2104 Orelli
798 2073 840 2104 13
867 2068 1006 2103 atauini
1032 2068 1077 2109 A,
1102 2067 1163 2102 sed
1186 2077 1212 2100 s.
1240 2066 1262 2100 1.
1291 2065 1388 2099 atavi
1416 2065 1487 2099 mei
1510 2066 1514 2110 Ι

180 2119 438 2155 Asculanensis
453 2118 537 2161 AP,
557 2128 618 2152 em.
635 2117 813 2151 Cellarz'us
911 2118 952 2149 18
969 2114 1170 2157 Cos-amque
1185 2112 1269 2152 ΑΡ,
1290 2123 1350 2147 em.
1371 2111 1517 2146 Vossius

253 2172 293 2201 19
326 2165 557 2208 dilucideque
592 2164 631 2205 Q.
668 2164 711 2206 P,
744 2162 939 2205 clilueideq.
973 2172 1041 2205 que
1073 2161 1119 2203 A,
1152 2170 1212 2193 em.
1250 2159 1400 2204 Lipsius

181 2219 224 2249 20
251 2214 306 2247 illi
331 2215 382 2247 A:
415 2212 478 2246 ille
507 2212 550 2254 1²,
577 2210 662 2244 fidei
688 2212 725 2244 et
753 2209 986 2252 sztdendorp,
1013 2211 1050 2242 at
1076 2207 1120 2249 ef.
1148 2206 1218 2241 Cic.
1244 2217 1279 2249 p.
1307 2206 1410 2240 Sulla
1438 2209 1456 2247 ἓ
1484 2208 1515 2248 5,

174 2272 214 2304 1).
244 2260 328 2294 Mil.
355 2263 374 2302 ξ
403 2264 455 2300 13,
476 2270 514 2302 2).
543 2258 622 2301 Ligy.
649 2260 667 2299 g
695 2260 737 2291 35
871 2260 911 2289 21
940 2253 1098 2289 reddidit
1126 2253 1340 2287 Perizonius
1362 2255 1366 2294 1
1390 2252 1518 2287 011111αὲ

181 2309 256 2341 tem
276 2307 310 2341 A
390 2310 433 2340 21
455 2305 628 2340 continuo
649 2303 732 2347 ΛΡ,
752 2313 813 2339 em.
835 2302 1003 2338 Gelenius
1076 2304 1118 2334 25
1140 2299 1283 2334 Fortius
1301 2300 1335 2333 A
1404 2302 1447 2334 :38
1468 2299 1518 2334 le—
