1635 2572
125 98 183 139 40
782 98 816 133 ΙΙ

127 219 216 246 cum
260 220 331 259 per
376 209 588 247 triennium
621 206 815 246 Cinnanae
848 207 1118 260 Marianaeque
1151 215 1280 261 partes
1318 209 1466 249 Italiam

127 265 369 319 obsiderent,
420 278 546 317 neque
591 265 802 305 inlaturum
847 279 887 305 se
932 266 1076 306 bellum
1121 268 1167 306 iis
1211 267 1467 307 dissimulavit

126 337 197 363 nec
242 325 344 375 quod
390 330 471 363 erat
515 326 555 362 in
600 323 778 363 manibus
822 326 967 377 omisit,
1019 326 1328 376 existimavitque
1378 333 1466 366 ante

127 383 384 434 frangendum
416 383 568 421 hostem
601 394 717 433 quam
749 382 1018 422 ulciscendum
1051 385 1190 436 civem,
1230 384 1466 435 repulsoque

126 447 288 480 externo
321 447 445 493 metu,
477 440 543 479 ubi
577 441 680 492 quod
712 441 881 480 alienum
914 448 1018 481 esset
1050 443 1223 495 vicisset,
1262 448 1467 494 superaret
1486 452 1502 478 5

86 499 230 550 5q110d
270 505 353 538 erat
391 499 659 539 domesticum.
723 505 811 539 ante
853 500 1061 539 adventum
1098 500 1138 540 L.
1179 500 1307 540 Sullae
1347 500 1468 540 Cinna

126 558 316 596 seditione
356 563 440 597 orta
480 557 526 597 ab
565 559 739 597 exercitu
780 560 1040 610 interemptus
1085 565 1161 611 est,
1202 561 1260 598 vir
1296 559 1468 612 dignior,

126 617 193 667 qui
230 615 390 655 arbitrio
422 618 616 656 victorum
655 623 877 656 moreretur
910 629 1026 668 quam
1057 617 1257 657 iracundia
1289 618 1466 657 militum.

126 675 172 713 de
205 687 282 726 quo
315 687 404 714 vere
438 675 514 714 dici
545 681 691 728 potest,
729 688 867 715 ausum
906 688 995 714 eum
1028 688 1126 727 quae
1159 688 1273 715 nemo
1306 677 1468 715 auderet

125 733 268 786 honus,
323 734 536 785 perfecisse
587 746 685 785 quae
730 746 750 772 a
794 734 899 773 nullo
950 736 1026 773 nisi
1069 735 1280 773 fortissimo
1333 735 1468 786 perfici
1490 746 1522 770 10

124 798 302 844 possent,
347 798 386 831 et
430 793 548 831 fuisse
595 804 685 831 eum
728 794 767 831 in
812 792 1067 831 consultando
1112 794 1382 846 temerarium,
1429 795 1468 832 in

126 851 354 901 exequendo
386 853 524 890 virum.
578 850 702 890 Carbo
734 851 840 890 nullo
874 852 1037 890 suffecto
1071 851 1215 903 collega
1249 852 1354 890 solus
1387 857 1468 890 toto

127 921 226 947 anno
261 910 397 948 consul
430 910 512 948 suit.

87 978 103 1006 1
244 965 311 1007 25.
373 968 537 1007 Putares
583 967 729 1007 Sullam
773 970 924 1007 venisse
969 970 1008 1007 in
1054 968 1200 1007 Italiam
1250 980 1328 1007 non
1378 968 1468 1007 belli

126 1026 336 1078 vindicem,
370 1026 436 1065 sed
469 1028 575 1078 pacis
595 1032 813 1066 auctorem:
852 1032 957 1066 tanta
989 1039 1078 1065 cum
1099 1028 1229 1077 quiete
1251 1028 1466 1066 exercitum
1490 1036 1520 1061 15

125 1097 196 1136 per
242 1084 456 1123 Calabriam
496 1084 751 1136 Apuliamque
796 1097 886 1124 cum
931 1085 1117 1136 singulari
1161 1097 1254 1124 cura
1299 1086 1468 1137 frugum,

127 1155 327 1195 agrorum,
360 1143 579 1195 hominum,
618 1143 775 1182 urbium
805 1143 989 1194 perduxit
1021 1144 1060 1181 in
1094 1142 1341 1195 Campaniam
1372 1149 1467 1182 tem-

126 1203 324 1252 ptavitque
369 1203 482 1241 iustis
527 1201 677 1252 legibus
722 1207 760 1240 et
803 1203 936 1253 aequis
982 1202 1277 1241 condicionibus
1323 1201 1469 1241 bellum

127 1272 380 1311 componere3
424 1260 491 1299 sed
528 1261 593 1310 iis,
632 1259 774 1310 quihus
816 1266 854 1299 et
885 1272 951 1299 res
987 1262 1155 1311 pessima
1194 1267 1232 1299 et
1262 1260 1469 1299 immodica

85 1327 105 1357 2
126 1318 318 1369 cupiditas
339 1324 438 1370 erat,
470 1330 548 1357 non
581 1324 734 1369 poterat
765 1330 838 1369 pax
870 1318 1034 1369 placere.
1089 1318 1290 1358 crescebat
1311 1321 1468 1358 interim
1489 1328 1522 1353 20

124 1379 166 1415 in
215 1377 298 1416 dies
344 1376 471 1416 Sullae
522 1378 717 1415 exercitus
767 1376 1054 1416 confluentibus
1098 1377 1144 1415 ad
1190 1389 1279 1416 eum
1322 1379 1468 1429 optimo

127 1448 282 1486 quoque
323 1441 361 1474 et
393 1436 609 1474 sanissimo.
673 1435 775 1473 felici
816 1435 955 1474 deinde
989 1437 1091 1474 circa
1125 1435 1294 1487 Capuam
1326 1442 1468 1475 eventu

128 1494 351 1545 Scipionem
388 1493 692 1544 Norbanumque
732 1493 912 1533 consules
951 1500 1126 1545 superat,
1165 1506 1334 1545 quorum
1371 1494 1466 1532 Nor-

127 1552 250 1592 banus
295 1554 375 1596 acie
420 1554 562 1604 victus,
609 1551 738 1603 Scipio
778 1551 823 1590 ab
866 1554 1040 1591 exercitu
1086 1564 1155 1591 suo
1200 1552 1379 1592 desertus
1424 1565 1466 1591 ac

87 1623 106 1649 :3
128 1611 306 1662 proditus
337 1611 543 1650 inviolatus
575 1622 597 1648 a
629 1610 735 1649 Sulla
766 1610 949 1649 dimissus
982 1616 1051 1649 est.
1108 1611 1203 1649 adeo
1237 1613 1340 1650 enim
1362 1611 1466 1650 Sulla
1488 1619 1521 1645 25

129 1670 326 1708 dissimilis
360 1670 431 1709 suit
463 1669 625 1708 bellator
653 1681 695 1707 ac
716 1670 857 1722 victor,
890 1675 932 1707 ut
953 1669 1045 1708 dum
1064 1671 1200 1721 vincit,
1233 1671 1467 1720 aequissimo

128 1728 270 1780 lenior,
314 1734 402 1779 post
446 1729 647 1767 victoriam
690 1727 821 1767 audito
865 1728 984 1766 suerit
1027 1727 1233 1766 crudelior.
1302 1740 1389 1767 nam
1431 1734 1471 1767 et

225 1890 244 1921 5
273 1897 443 1932 superare
477 1887 647 1930 Ursinus3
676 1887 829 1923 Velleius
854 1888 1094 1932 ozeyleyentius
1117 1888 1263 1931 scripsit
1368 1890 1387 1921 7
1414 1888 1470 1921 est

130 1945 194 1969 om.
222 1934 330 1968 Kritz
356 1938 386 1968 et
412 1934 536 1969 Haase
561 1945 678 1970 errore
774 1938 794 1969 9
822 1945 931 1968 ausus
956 1934 1002 1977 A,
1029 1945 1158 1968 ausum
1184 1944 1261 1968 esse
1291 1932 1402 1968 Orelli

131 1985 174 2015 10
200 1981 416 2025 perfecisset
440 1982 474 2014 Α
498 1982 501 2026 Ι
524 1982 609 2026 nisi]
638 1981 667 2015 si
693 1982 728 2015 Α
849 1984 889 2014 11
918 1982 1043 2025 posset
1067 1981 1102 2014 A
1228 1984 1268 2014 17
1295 1980 1468 2014 tentauit-

130 2039 201 2072 quo
230 2029 265 2062 P
362 2032 403 2061 19
431 2038 488 2061 res
515 2029 659 2063 addidit
683 2028 828 2062 Ruhnk.
856 2029 952 2071 (spes
979 2028 1061 2061 add.
1085 2027 1266 2071 Bernays)
1363 2031 1405 2061 22
1433 2029 1471 2060 et

132 2075 230 2109 MA:
267 2086 331 2110 om.
355 2075 415 2120 Pl
444 2075 572 2109 deinde
602 2076 662 2109 M:
699 2075 783 2109 dein
815 2074 970 2117 denique
996 2075 1030 2107 A
1068 2075 1140 2116 (sed
1166 2073 1249 2107 dein
1275 2075 1470 2118 e.vpunct.)‚

131 2122 287 2166 denique
316 2121 375 2167 ΡΙ
398 2123 532 2156 euentu
559 2121 656 2156 eirca
682 2121 718 2156 C.
746 2122 879 2157 euentu
905 2122 939 2154 A
1036 2123 1079 2154 23
1107 2120 1393 2164 Narbonumque

130 2169 325 2203 Narbonus
366 2169 401 2202 P
436 2169 524 2212 (non
563 2169 659 2211 MA)
805 2173 848 2203 26
887 2167 1149 2211 *aequissimoe
1189 2178 1231 2201 ae
1269 2167 1469 2201 iustissimo

130 2215 214 2257 ΑΡ,
247 2216 305 2249 vel
338 2216 420 2249 iust.
454 2216 574 2257 Hutle,
608 2215 702 2258 acie,
735 2216 818 2249 inst.
850 2215 1019 2249 Burman
1050 2213 1150 2256 (duni
1183 2213 1353 2257 dimicat,
1386 2214 1470 2248 inst.
1509 2241 1512 2244 .

130 2262 276 2306 Haupt)
374 2266 416 2296 27
445 2264 482 2296 et
507 2262 691 2297 Gelenius:
719 2264 760 2297 ut
783 2261 859 2296 ΑΡ
