1635 2572
134 105 190 144 42
789 104 821 137 ΙΙ

137 226 210 264 que
244 215 340 252 iuris
373 220 571 252 auctorem
611 212 927 264 celeberrinunn,
966 218 1005 250 et
1037 211 1076 250 C.
1110 211 1325 251 Carbonem
1363 225 1472 264 prae-

136 274 297 324 torium,
341 272 512 310 consulis
558 271 736 321 fratrem,
781 276 817 309 et
858 270 1067 308 Antistium
1107 270 1325 309 aedilicium
1371 271 1473 309 velut

95 339 115 369 3
138 331 299 369 faventis
334 330 460 368 Sullae
500 328 675 379 partibus
711 331 749 366 in
783 330 889 366 curia
923 328 1085 366 Hostilia
1117 328 1333 367 trucidavit.
1396 342 1472 367 nou

137 390 271 439 perdat
318 388 548 426 nobilissimi
592 388 682 425 facti
725 387 885 437 gloriam
925 386 1148 438 Calpurnia,
1192 386 1344 425 Bestiae
1388 387 1475 438 filia,

138 460 235 485 uxor
268 447 440 497 Antistii,
479 457 575 496 quae
609 445 799 497 iugulato,
839 451 878 483 ut
912 444 1192 496 praediximus,
1230 446 1312 483 viro
1350 445 1474 496 gladio
1495 455 1511 480 5

138 518 177 543 se
217 507 299 555 ipsa
338 506 540 543 transfixit.
604 509 792 554 quantum
830 503 946 541 liuius
989 503 1132 553 gloriae
1178 503 1376 554 famaeque
1417 516 1475 542 ac-

138 562 272 601 cessit!
300 575 403 601 nunc
436 564 579 600 virtute
614 563 778 600 feminac
812 563 968 612 propria
1000 567 1115 612 patet.

99 630 115 660 1
256 619 322 660 27.
374 621 422 660 At
452 621 616 659 Pontius
637 620 858 671 Telesinus,
891 621 967 658 dux
1001 619 1251 671 Samnitium,
1283 621 1341 658 vir
1373 619 1477 658 domi

138 679 307 730 bellique
348 680 584 717 fortissimus
621 680 855 729 penitusque
889 678 1061 716 Romano
1094 680 1241 716 nomini
1273 679 1477 717 infestissi-

139 750 245 790 mus,
291 739 502 776 contractis
547 739 703 776 circiter
748 737 1000 787 quadraginta
1045 736 1200 775 milibus
1244 737 1476 775 fortissimae
1500 747 1532 771 10

137 798 549 848 pertinacissi1naeque
583 797 621 833 in
655 795 869 833 retinendis
890 797 1006 833 armis
1039 797 1269 846 iuventutis,
1303 794 1478 833 Carbone

139 867 181 893 ac
215 855 335 893 Mario
375 854 602 893 consulibus
641 853 781 891 abhinc
814 866 935 891 annos
968 859 1125 892 centum
1158 859 1197 891 et
1229 865 1367 891 novem
1399 852 1478 891 Kal.

137 913 423 951 Ntwembribus
455 915 507 951 ita
540 912 585 950 ad
618 918 769 963 portam
803 911 989 950 Collinam
1022 924 1111 953 cum
1137 911 1240 949 Sulla
1274 911 1480 963 dimicavit,

141 978 182 1010 ut
214 972 259 1010 ad
293 983 487 1010 summum
527 971 736 1009 discrimen
770 976 805 1008 et
840 983 927 1008 eum
961 976 999 1008 et
1037 982 1118 1008 rem
1157 969 1350 1020 publicam
1393 982 1479 1021 per-

98 1038 118 1068 2
141 1030 319 1081 duceret,
353 1042 450 1080 quae
485 1042 560 1067 non
594 1031 717 1067 maius
749 1029 967 1079 periculum
1000 1028 1092 1066 adiit
1121 1028 1346 1066 Hannibalis
1379 1030 1480 1066 intra
1502 1039 1533 1062 15

142 1090 299 1126 tertium
340 1088 547 1125 miliarium
587 1093 713 1125 castra
753 1088 991 1137 conspicata,
1037 1099 1153 1136 quam
1191 1098 1236 1125 co
1281 1086 1359 1138 die,
1404 1098 1480 1136 quo

141 1146 425 1184 circumvolans
458 1146 615 1184 ordines
654 1146 851 1183 exercitus
883 1146 944 1183 sui
976 1144 1182 1183 Telesinus
1221 1144 1479 1195 dictitansque

141 1205 275 1242 adesse
320 1204 503 1242 Romanis
552 1203 732 1242 ultimum
782 1203 883 1241 diem
934 1202 1218 1241 vociferabatur
1269 1203 1480 1241 eruendam

141 1263 421 1312 delendamque
455 1262 610 1313 urbem,
652 1262 837 1300 adjiciens
871 1273 1083 1311 numquam
1116 1261 1320 1299 defuturos
1353 1267 1480 1312 rapto-

142 1333 205 1359 res
237 1321 390 1359 ltalicae
423 1320 614 1358 libertatis
646 1319 776 1371 lupos,
815 1321 888 1357 nisi
922 1319 1032 1369 silva,
1072 1321 1109 1357 in
1147 1331 1262 1369 quam
1301 1320 1482 1370 refugere
1503 1330 1536 1355 20

100 1388 120 1418 3
143 1379 331 1430 solerent,
364 1385 467 1417 esset
501 1380 638 1416 excisa.
689 1383 775 1428 post
807 1379 971 1428 primam
1004 1378 1160 1416 demum
1192 1378 1326 1415 horam
1359 1380 1483 1417 noctis

143 1444 181 1476 ct
214 1438 384 1476 Romana
423 1439 526 1475 acies
564 1437 770 1487 respiravit
809 1442 846 1474 et
884 1436 1054 1474 hostium
1088 1437 1216 1474 cessit.
1279 1436 1482 1475 Telesinus

142 1502 298 1546 postera
331 1496 391 1534 die
426 1496 662 1533 semianimis
694 1499 875 1545 repertus
909 1500 986 1546 est,
1024 1496 1182 1532 victoris
1215 1496 1334 1544 magis
1367 1506 1482 1544 quam

142 1556 345 1593 morientis
378 1553 526 1591 vultum
565 1553 810 1604 praeferenS,
853 1553 964 1590 cuius
1003 1552 1198 1591 abscisum
1231 1559 1346 1603 caput
1379 1554 1483 1590 ferro

100 1623 122 1652 4
143 1613 206 1663 figi
245 1614 465 1663 gestat-ique
509 1614 610 1649 circa
644 1611 853 1649 Praeneste
889 1610 992 1648 Sulla
1026 1612 1148 1648 iussit.
1212 1616 1293 1648 tum
1327 1610 1482 1649 demum
1504 1620 1537 1646 25

144 1671 359 1722 desperatis
392 1669 510 1708 rebus
544 1671 624 1708 suis
658 1665 701 1708 C.
729 1669 873 1707 Marius
906 1668 1134 1707 adulescens
1167 1681 1236 1719 per
1269 1668 1484 1721 cuniculos,

239 1846 259 1875 6
286 1841 365 1885 ipsa
391 1842 424 1874 A
453 1844 483 1874 et
506 1840 666 1874 Vossius:
694 1840 812 1884 ipsam
841 1839 876 1873 P
1011 1843 1028 1873 7
1057 1839 1192 1874 virtute
1219 1839 1376 1874 feminae
1403 1851 1484 1884 pro-

143 1889 224 1933 pria
249 1890 354 1932 patet
377 1888 522 1930 Haupt:
550 1887 685 1921 virt-ute
712 1886 850 1920 eminet
874 1885 995 1929 patria
1020 1885 1113 1919 latet·
1132 1886 1224 1926 AP:
1250 1887 1402 1920 aliorum
1431 1897 1484 1920 co-

143 1938 253 1969 mitas
278 1945 308 1968 r.
337 1935 437 1978 apud
462 1934 648 1967 Kritzium
745 1936 765 1966 8
792 1932 892 1967 domi
918 1932 1131 1967 Rhenanus:
1162 1933 1274 1966 animi
1300 1933 1392 1974 AF,-
1419 1933 1486 1967 aliz?

143 1982 219 2015 aliu
247 1984 448 2018 tentarunt,
482 1982 525 2022 ef.
554 1981 671 2015 Kritz.
802 1984 843 2014 10
865 1983 933 2018 ’Χῖ
959 1980 1047 2013 AP:
1083 1983 1139 2016 sx'
1170 1979 1336 2023 Lipsius,
1369 1983 1484 2017 Lxxss

147 2029 295 2062 Oro-sius
317 2028 322 2072 1
344 2027 592 2062 ferocissimae
620 2026 763 2062 Ruhnk.
885 2029 925 2060 12
953 2039 1009 2059 cxx
1036 2026 1160 2060 Kritz:
1186 2039 1222 2060 xi
1251 2026 1343 2067 MA,
1370 2039 1413 2060 xl„
1442 2027 1485 2070 P,

144 2088 199 2109 ‹·x1
228 2074 372 2119 Aldusl
402 2075 485 2108 ante
519 2074 614 2108 diem
642 2087 676 2107 vx
705 2072 785 2106 Kal.
813 2071 904 2107 Nov.
934 2073 1155 2115 Mommsen,
1183 2073 1422 2116 Simunqsber.
1451 2073 1484 2108 d.

144 2122 256 2156 saclas.
284 2121 362 2155 Ges.
390 2121 450 2163 Vl,
480 2125 543 2154 156
644 2124 685 2154 16
713 2131 755 2154 eo
779 2119 840 2153 M:
868 2119 997 2153 eodem
1018 2119 1093 2152 ΑΡ
1187 2123 1227 2152 21
1257 2119 1377 2153 solent
1402 2120 1485 2163 ΑΡ,

145 2179 206 2202 cm.
239 2168 379 2208 Burer;
411 2169 455 2209 cf.
489 2168 536 2201 acl
571 2171 627 2209 59,
654 2171 673 2200 5
818 2170 862 2200 24
890 2166 1027 2200 cultum
1054 2165 1154 2210 ΑΡΙ
1186 2165 1368 2200 abscisum
1395 2167 1429 2200 A
1455 2170 1487 2201 et

145 2214 290 2248 Ruhnk.
324 2214 525 2248 abscissum
560 2214 596 2247 1’
622 2214 625 2258 Ι
660 2213 756 2247 ferro
788 2213 852 2257 figi
880 2213 1050 2256 Madmy:
1089 2211 1175 2245 ferri
1201 2212 1285 2256 ΑΡ,
1318 2213 1409 2258 erigi
1439 2213 1486 2247 B.

147 2261 361 2295 Ilelmsauer
387 2261 487 2304 (ferri
514 2260 745 2305 spectarique
771 2259 953 2303 Burman)
1493 2257 1497 2261 “
