1635 2572
180 152 232 193 76
831 152 863 186 11

176 265 250 302 iam
283 262 417 301 decem
451 269 486 301 et
521 268 671 312 septem
703 260 899 311 legionum
925 266 1107 312 potentes
1127 268 1254 313 erant,
1286 263 1513 302 iuncturum

180 323 281 360 vires
302 333 408 372 suas,
443 322 474 357 si
496 319 635 357 Caesar
656 320 740 357 eius
761 325 1038 370 aspernaretur
1058 319 1322 372 concordiam,
1349 320 1512 361 diceret·

177 392 251 431 que
294 379 380 429 plus
413 377 617 416 Caesarem
656 378 777 428 patris
815 389 930 428 quam
969 390 1009 416 se
1043 379 1155 416 amici
1188 377 1326 417 ultioni
1358 377 1512 418 debere.

135 443 154 472 ‘2
177 444 257 476 tmn
289 438 407 486 igitur
440 437 533 474 inita
553 437 750 486 potentiae
772 437 936 474 societas
957 442 997 474 et
1027 435 1274 475 hortantibus
1295 435 1513 476 orantibus-

176 507 249 546 que
289 493 526 532 exercitibus
564 495 667 532 inter
698 494 909 532 Antonium
947 495 1063 533 etiam
1101 501 1139 533 et
1171 493 1376 533 Caesarem
1414 495 1550 535 sacta5

175 554 368 603 adfinitas,
408 564 496 591 cum
535 558 638 591 esset
675 553 851 603 privigna
883 553 1039 591 Antonii
1078 553 1309 604 desponsata
1348 552 1513 593 Caesari.

175 611 499 661 consulatumque
531 612 617 649 iniit
644 609 784 649 Caesar
815 611 940 662 pridie
975 623 1090 662 quam
1121 613 1258 662 viginti
1291 612 1412 651 annos
1443 613 1513 651 im-

174 670 299 721 pleret
337 669 487 708 decimo
525 668 605 707 Kal.
639 668 830 708 Octobres
873 681 962 708 cum
1001 669 1146 720 collega
1185 670 1227 715 Q.
1267 670 1384 709 Pedio
1425 676 1515 722 post

174 728 313 767 urbem
358 727 552 766 conditam
595 726 772 777 [abhinc]
825 729 935 766 annis
980 730 1237 779 septingentis
1283 735 1320 767 et
1364 740 1514 780 novem,

175 792 263 826 ante
296 786 394 825 duos
426 792 464 824 et
496 788 759 837 septuaginta,
791 797 908 837 quam
940 792 998 838 tu,
1030 786 1077 824 M.
1096 785 1237 838 Vinici,
1270 786 1514 826 consulatum
1536 795 1570 821 10

134 849 153 879 3
175 847 306 884 inires.
357 844 451 883 vidit
482 844 545 883 hic
578 856 702 883 annus
723 843 962 896 Ventidium,
995 856 1064 895 per
1097 856 1212 896 quam
1242 844 1380 883 urbem
1412 847 1516 884 inter

175 905 346 955 captivos
383 902 604 942 Picentium
643 904 682 941 in
720 902 919 954 triitmpho
959 902 1101 941 ductus
1139 909 1239 954 erat,
1278 905 1316 942 in
1350 915 1392 942 ea
1425 915 1515 942 con-

176 962 344 1001 sularem
376 967 617 1013 praetextam
649 962 875 1012 iungentem
906 963 1113 1012 praetoria.
1163 961 1266 1000 idem
1298 961 1361 1000 liic
1380 967 1515 1013 postea

176 1020 438 1070 triumphavit.

136 1081 152 1112 1
293 1076 359 1116 66.
410 1077 583 1116 Furente
617 1077 755 1116 deinde
788 1079 955 1116 Antonio
989 1077 1182 1127 simulque
1216 1076 1378 1130 Lepido,
1420 1090 1514 1129 quo-
1536 1087 1569 1113 15

175 1149 263 1175 rum
294 1142 479 1188 uterque,
512 1141 555 1174 ut
586 1135 867 1187 praediximus,
900 1135 1032 1174 hostes
1065 1135 1223 1174 iudicati
1256 1142 1384 1188 erant,
1426 1148 1515 1175 cum

175 1194 286 1233 ambo
308 1194 465 1232 mallent
497 1192 570 1232 sibi
602 1195 793 1244 nuntiari,
826 1193 918 1243 quid
950 1195 1055 1245 passi
1087 1200 1235 1246 essent,
1273 1206 1389 1245 quam
1421 1194 1515 1245 quid

175 1254 430 1303 meruissent,
480 1258 722 1302 repugnante
773 1251 955 1303 Caesare,
1014 1251 1081 1290 sed
1132 1252 1278 1291 frustra
1329 1252 1516 1292 adversus

176 1311 291 1362 duos,
341 1312 600 1348 instauratum
645 1309 792 1348 Sullani
841 1309 1007 1360 exempli
1058 1310 1217 1362 malum,
1267 1312 1513 1362 proscriptio.

134 1369 271 1408 2nihil
311 1375 389 1407 tarn
433 1368 636 1419 indignum
679 1367 743 1406 illo
789 1374 962 1419 tempore
1008 1368 1098 1420 suit,
1142 1380 1258 1419 quam
1302 1369 1404 1419 quod
1449 1375 1515 1408 aut
1533 1379 1568 1404 20

176 1427 316 1466 Caesar
349 1427 517 1477 aliquem
549 1425 797 1477 proscribere
829 1432 986 1465 coactus
1019 1432 1079 1465 est
1110 1433 1176 1465 aut
1207 1426 1253 1465 ab
1278 1427 1355 1465 ullo
1377 1425 1513 1466 Cicero

174 1486 420 1537 proscriptus
459 1490 529 1523 est.
597 1483 824 1535 abscisaque
864 1484 1011 1523 scelere
1050 1485 1206 1523 Antonii
1245 1497 1317 1523 vox
1359 1485 1514 1536 publica

176 1549 252 1596 est,
285 1554 374 1582 cum
406 1544 491 1581 eius
524 1542 688 1581 salutem
719 1554 834 1581 nemo
867 1543 1122 1594 defendisset,
1160 1545 1226 1593 qui
1257 1555 1328 1594 per
1360 1548 1417 1582 tot
1448 1555 1513 1582 an-

176 1614 247 1640 nos
285 1607 324 1640 et
362 1600 557 1652 publicam
595 1602 760 1639 civitatis
799 1607 837 1639 et
874 1602 1061 1652 privatam
1101 1602 1243 1639 civium
1275 1601 1513 1640 defenderat.

135 1662 154 1692 3
175 1659 268 1699 nihil
308 1665 436 1698 tamen
476 1660 606 1711 egisti,
644 1658 692 1697 M.
724 1659 883 1710 Antoni,
916 1654 1039 1711 (cogit
1071 1660 1174 1697 enim
1207 1658 1394 1698 excedere
1426 1671 1515 1711 pro·
1534 1669 1569 1695 25

273 1800 288 1829 1
316 1795 522 1829 iunctm-am
548 1795 583 1829 A
680 1798 700 1829 2
727 1795 973 1838 adiiceretque
999 1794 1169 1829 Herelius
1263 1799 1284 1830 3
1310 1795 1443 1831 ultioni
1461 1796 1514 1831 A:

175 1842 315 1876 ultione
342 1843 375 1875 A
403 1852 492 1877 corr.
523 1841 559 1874 P
632 1845 654 1876 4
680 1841 784 1875 *tum
809 1842 937 1886 igitur:
964 1843 1023 1875 tur
1048 1841 1132 1884 ΛΡ,
1158 1842 1238 1876 ‘tum
1264 1842 1315 1876 vel
1339 1844 1426 1877 tunc
1451 1843 1517 1886 (sic

175 1891 258 1924 item
285 1900 313 1923 v.
341 1889 362 1922 I.
392 1889 429 1921 ιή
454 1890 504 1927 Α)
530 1888 652 1923 Burei·
775 1892 794 1922 5
822 1891 932 1933 pacta
957 1888 1133 1922 Heinsius
1246 1893 1266 1923 6
1293 1888 1516 1933 desponsata

176 1936 227 1969 A:
255 1935 437 1979 desponsa.
466 1934 501 1966 P
612 1938 632 1968 8
660 1935 839 1979 collegaq.
867 1934 979 1969 Pedio
1005 1936 1039 1968 A
1150 1938 1170 1969 9
1197 1934 1330 1969 abhinc
1356 1936 1422 1970 del.
1449 1935 1515 1970 Ge·

177 1983 302 2024 lenius,
329 1981 412 2015 abb.
441 1992 555 2014 annos
584 1980 694 2015 Orelli
711 1983 714 2026 l
731 1994 879 2016 nccvuu
907 1981 1091 2015 Gelenius:
1118 1993 1275 2015 xccvnu.
1301 1981 1385 2023 ΑΡ,
1412 1994 1515 2017 nccx1

176 2029 294 2062 Aldus
370 2032 408 2061 11
438 2028 484 2061 M.
500 2027 712 2061 Ventidium
737 2028 783 2070 A
809 2028 869 2062 sed
893 2027 941 2061 M.
968 2030 1160 2071 empuneta,
1184 2028 1266 2069 sort.
1294 2026 1332 2061 Ρ.
1353 2027 1460 2063 Vent

180 2079 219 2109 13
246 2074 453 2119 praetmiae
480 2074 658 2117 Gelenius
685 2077 724 2108 ut
749 2078 799 2109 est
824 2078 879 2117 92,
899 2078 920 2107 4
1038 2078 1079 2107 16
1106 2085 1188 2107 cum
1216 2074 1315 2107 MA:
1341 2085 1452 2117 quom
1481 2073 1518 2108 P

273 2126 312 2155 17
333 2122 416 2163 for-‚t
437 2121 592 2154 mallent
616 2120 800 2155 recordari
822 2123 827 2164 Ι
849 2120 936 2164 quid
955 2121 1165 2164 patrassent
1184 2121 1341 2163 &Qauppe
1365 2121 1453 2164 quid
1478 2133 1513 2166 p.

177 2170 299 2202 essent
327 2179 437 2211 quam
469 2167 653 2202 1···ecoi‹la1i
685 2167 773 2210 quid
805 2170 864 2202 etc.
900 2166 1133 2207 Domstwffrhm
1171 2167 1239 2201 Ioci
1272 2167 1516 2202 obscur'ffsszmi

171 2216 374 2258 probabiles
399 2215 597 2248 emendatio
624 2215 784 2248 nondum
808 2214 955 2248 amenta
979 2216 1029 2247 est
1152 2216 1192 2246 18
1218 2213 1439 2248 meruissent
1461 2215 1514 2249 A.

177 2262 417 2295 «meruissent
445 2260 480 2294 P
500 2263 504 2303 Ι
527 2260 701 2294 advorsus
726 2261 817 2295 duos
843 2271 908 2295 om.
934 2260 968 2293 A
1067 2263 1108 2294 21
1138 2261 1201 2294 unt
1226 2259 1327 2295 bullo
1353 2260 1430 2295 ΔΡ

177 2312 220 2341 22
248 2308 480 2350 abscissaque
507 2307 541 2340 A
565 2307 569 2351 Ι
592 2307 741 2351 publica
767 2306 893 2341 audita
918 2308 974 2340 est
997 2306 1031 2340 A
