1635 2572
131 279 149 306 3

132 1444 151 1473 13

170 159 225 199 46
827 158 859 192 Π

173 275 306 308 vectus
339 275 408 307 est.
463 280 578 318 quem
611 267 737 304 virum
769 267 856 316 quis
889 278 965 304 non
999 267 1162 304 miretur
1193 277 1263 316 per
1295 273 1352 305 tot
1375 274 1507 313 extra-

172 327 364 365 ordinaria
403 327 563 376 imperia
602 326 641 362 in
686 335 881 362 summum
926 324 1121 374 fastigium
1159 330 1335 362 evectum
1373 326 1507 376 iniquo

172 385 306 424 tulisse
352 386 496 434 animo,
543 382 581 421 C.
621 381 796 420 Caesaris
838 383 1011 420 absentis
1050 383 1088 420 in
1139 381 1260 420 altero
1305 383 1509 422 consulatu

171 443 339 494 petendo
372 448 550 480 senatum
581 440 847 492 populumque
876 439 1093 478 Romanum
1126 441 1316 478 rationem
1348 440 1508 480 habere:

172 502 266 539 adeo
299 500 485 538 familiare
525 505 584 538 est
615 497 838 537 hominibus
876 500 1002 536 omnia
1041 497 1115 536 sibi
1152 499 1372 551 ignoscere,
1414 498 1543 542 nihil5

172 559 255 597 aliis
287 560 506 610 remittere,
539 564 577 596 et
602 557 784 596 invidiam
810 568 944 595 rerum
975 568 1052 594 non
1085 557 1131 595 ad
1159 569 1343 608 causa1n,.
1363 557 1429 595 sed
1463 556 1509 595 ad

172 617 409 656 voluntatem
440 628 706 668 personasque
740 615 918 665 dirigere.
964 614 1038 653 lioc
1071 614 1274 654 consulatu
1301 615 1510 666 Pompeius

173 675 420 714 tribuniciam
470 680 702 726 potestatem
746 675 935 725 restituit,
987 675 1097 711 cuius
1149 672 1253 711 Sulla
1303 675 1510 724 imaginem

172 736 254 773 sine
288 746 329 772 re
363 734 585 784 reliquerat.
647 733 740 771 dum
771 732 1039 770 Sertorianum
1071 731 1214 770 bellum
1257 733 1294 770 in
1328 731 1511 783 Hispania

172 794 338 844 geritur,
377 798 561 843 quattuor
599 797 638 830 et
676 792 873 841 sexaginta
911 791 1061 840 fugitivi
1100 802 1120 828 e
1161 789 1251 828 ludo
1285 790 1510 840 gladiatorio
1532 810 1564 834 10

173 850 301 902 Capua
332 851 601 901 profugientes
635 849 732 888 duce
765 848 968 900 Spartaco,
1002 850 1122 899 raptis
1156 860 1201 886 ex
1235 860 1278 886 ea
1305 848 1400 887 urhe
1434 848 1509 900 gla-

172 909 263 962 diis,
304 911 430 960 primo
464 908 673 946 Vesuvium
705 913 877 945 montem
909 908 1077 958 petiere,
1116 918 1204 944 mox
1237 913 1437 946 crescente
1471 908 1510 945 in

172 967 255 1006 dies
282 967 529 1006 multitudine
557 965 737 1017 gravibus
766 967 957 1016 xnriisque
980 964 1133 1003 casibus
1154 964 1331 1003 adfecere
1353 964 1509 1004 ltaliam.

173 1038 340 1076 quorum
374 1037 562 1064 numerus
594 1027 632 1063 in
662 1030 813 1062 tantum
840 1023 1025 1075 adulevit,
1058 1030 1100 1062 ut
1127 1035 1201 1073 qua
1235 1023 1367 1062 ultima
1400 1023 1509 1061 dimi-

173 1096 308 1122 cavere
335 1085 434 1136 acie,
466 1085 674 1133 nonaginta
701 1084 804 1120 milia
832 1081 1032 1120 hominum
1060 1094 1099 1120 se
1121 1081 1293 1119 Romano
1321 1083 1509 1120 exercitui
1533 1101 1564 1126 15

172 1143 438 1193 opposuerint.
501 1141 617 1180 huius
649 1141 789 1191 patrati
821 1139 941 1191 gloria
974 1152 1094 1190 penes
1131 1139 1178 1178 M.
1213 1138 1395 1178 Crassum
1428 1140 1511 1192 suit,

172 1213 260 1239 mox
294 1202 349 1238 rei
382 1199 559 1251 publicae
595 1197 805 1248 [oninium]
839 1199 1067 1249 principem.

290 1257 357 1298 31.
421 1258 676 1296 Converterat
713 1256 779 1295 Cn.
819 1256 979 1307 Pompei
1019 1268 1186 1307 persona
1230 1262 1354 1294 totum
1392 1258 1431 1294 in
1470 1269 1511 1295 se

173 1323 367 1356 terrarum
405 1316 539 1354 orbem
577 1321 616 1354 et
647 1327 717 1366 pcr
750 1316 876 1353 omnia
909 1316 1031 1352 maior
1063 1316 1136 1352 civi
1167 1314 1392 1353 habebatur.
1444 1316 1511 1365 qui

173 1388 261 1414 cum
303 1374 439 1413 consul
480 1386 668 1425 perquam
708 1372 953 1411 laudabiliter
991 1374 1159 1411 iurasset
1202 1385 1242 1411 se
1287 1374 1326 1411 in
1365 1372 1510 1412 nullam
1531 1394 1564 1418 20

172 1435 411 1484 provinciam
444 1445 489 1471 ex
522 1445 567 1471 eo
601 1433 827 1483 magistratu
859 1433 1007 1470 iturum
1033 1431 1149 1481 idque
1183 1437 1391 1483 servasset,
1423 1438 1511 1482 post

174 1492 373 1530 biennium
412 1491 452 1529 A.
486 1491 672 1529 Gabinius
704 1489 888 1528 tribunus
919 1489 1044 1540 legem
1082 1489 1187 1540 tulit,
1226 1495 1268 1528 ut
1300 1501 1388 1527 cum
1421 1489 1510 1527 belli

173 1562 298 1602 more,
324 1562 401 1588 non
425 1549 738 1600 latrociniorum,
770 1547 905 1586 orbem
926 1547 1114 1586 classibus
1134 1549 1226 1598 iam,
1259 1559 1336 1585 non
1357 1548 1510 1586 furtivis

173 1607 486 1659 expeditionibus
524 1609 670 1659 piratae
710 1612 907 1645 terrerent
938 1606 1201 1656 quasdamque
1233 1607 1348 1644 etiam
1381 1605 1509 1644 ltaliae

174 1666 291 1705 urbes
312 1667 583 1718 diripuissent,
616 1666 682 1704 Cn.
704 1665 913 1716 Pompeius
934 1665 979 1702 ad
1000 1676 1066 1702 eos
1087 1664 1363 1715 opprimendos
1384 1666 1509 1702 mitte·
1531 1684 1563 1710 25

174 1731 283 1763 retur
316 1730 496 1775 essetque
530 1726 566 1762 ei
595 1725 802 1775 imperium
829 1735 995 1773 aequum
1028 1724 1067 1760 in
1095 1721 1274 1760 omnibus
1300 1724 1510 1773 provinciis

174 1795 262 1822 cum
302 1782 604 1834 proconsulibus
645 1794 767 1833 usque
807 1781 852 1819 ad
897 1782 1260 1831 quinquagesimu1n
1305 1781 1512 1820 miliarium

268 1934 285 1964 1
314 1930 394 1974 quis
419 1931 628 1964 nominetur
653 1930 688 1964 A
806 1932 825 1962 2
852 1929 997 1963 uectum
1024 1928 1113 1971 ΑΡ,
1140 1939 1200 1963 em.
1228 1928 1404 1962 Heinsius

174 1982 193 2009 3
220 1977 342 2012 animo
371 1977 420 2011 P:
448 1977 573 2019 'miquo
600 1977 634 2011 Α
658 1977 662 2019 Ι
685 1975 846 2010 absentis
873 1976 954 2010 add.
982 1975 1129 2010 Krause
1242 1978 1262 2008 8
1289 1976 1512 2018 potestatem

175 2023 358 2058 Gelenius:
386 2023 424 2057 P.
452 2024 526 2057 ΑΡ
611 2027 630 2058 9
659 2023 734 2057 sine
761 2033 799 2056 re
825 2022 932 2056 idem:
959 2021 996 2055 111
1022 2021 1098 2055 iure
1124 2021 1200 2054 ΑΡ
1277 2025 1318 2054 10
1346 2021 1512 2056 LXXlIII

176 2070 324 2114 Lipsius
440 2074 480 2104 12
508 2070 545 2104 in
573 2070 649 2104 dies
677 2070 861 2104 crescente
887 2068 922 2102 A
1038 2072 1080 2101 14
1108 2079 1178 2110 qno
1206 2067 1336 2101 ultima
1362 2069 1413 2104 A.
1442 2079 1514 2111 qua

174 2128 303 2163 ultimo
334 2128 369 2161 P
489 2132 529 2162 15
558 2127 617 2162 XC
645 2127 749 2162 milia
782 2126 942 2161 Vossius:
976 2126 1036 2160 XL
1063 2137 1084 2160 a
1111 2126 1194 2160 CCC
1221 2126 1309 2167 ΑΡ,
1343 2125 1437 2159 CXX
1465 2138 1511 2161 111.

174 2177 241 2210 alia·
266 2176 460 2209 secundum
479 2176 693 2219 Appianum
718 2176 721 2218 i
745 2173 905 2208 exercitu
925 2173 959 2207 A
1035 2176 1074 2207 17
1098 2173 1258 2207 011111111111
1283 2173 1326 2214 P,
1353 2172 1450 2207 omni
1465 2174 1513 2216 A,

178 2222 240 2256 del.
275 2222 442 2265 Lipsius,
485 2232 548 2266 per
581 2222 703 2256 onmia
734 2221 925 2265 Kreyssiq,
967 2230 1050 2253 mox
1083 2219 1146 2253 110.
1180 2219 1336 2253 nominis
1368 2219 1511 2254 Rulenk.

173 2268 255 2311 fort.
284 2268 429 2302 nominc
457 2270 501 2310 cf.
529 2273 589 2311 44,
611 2272 629 2302 2
707 2272 748 2301 19
775 2267 892 2301 maior
918 2266 986 2300 civi
1008 2266 1197 2300 Heinsius:
1226 2266 1362 2301 maiore
1384 2266 1420 2300 vi
1441 2263 1518 2300 ΑΡ

271 2319 313 2348 24
342 2315 451 2348 etiam
480 2325 544 2348 om.
572 2316 605 2348 A
704 2318 747 2348 :2ss
775 2325 903 2348 ecuum
931 2316 969 2356 (s.
998 2313 1018 2347 l.
1047 2324 1193 2357 equitnm
1221 2316 1253 2346 A
