1635 2572
168 140 222 181 70
816 139 847 172 ΙΙ

165 244 359 290 expectat,
392 240 571 276 incautus
603 235 649 274 ab
682 236 844 285 ingratis
870 241 1082 285 occupatus
1115 241 1191 286 est,
1224 246 1312 273 cum
1345 234 1502 286 quidem

165 297 330 349 plurima
369 298 404 334 ci
441 295 640 346 praesagia
678 298 793 344 atque
832 293 972 332 indicia
1011 292 1064 331 dii
1102 292 1339 331 immortales
1381 293 1503 331 futuri

126 355 400 394 2obtulissent
435 352 611 404 periculi.
679 363 767 390 nam
811 358 850 390 et
893 351 1120 402 haruspices
1163 357 1502 402 praemonueram,

167 420 209 453 ut
242 413 534 463 diligentissime
568 410 703 449 iduum
729 409 956 449 Martiarum
988 415 1141 448 caveret
1173 408 1292 461 diem,
1336 415 1375 448 et
1406 421 1504 447 uxor

167 472 373 522 Calpurnia
399 471 535 509 territa
562 474 755 507 nocturno
782 470 884 520 visu,
911 474 954 507 ut
980 480 1023 506 ea
1050 468 1110 506 die
1133 467 1235 506 domi
1260 466 1505 519 subsisteret,
1524 487 1540 512 5

167 535 314 581 orarat‚
347 535 386 567 et
414 527 534 566 libelli
561 528 868 566 coniurationem
901 528 1126 566 nuntiantes
1153 526 1231 564 dati
1264 537 1391 576 neque
1418 537 1505 576 pro-

126 590 271 627 3tinus
310 587 356 626 ab
396 599 441 625 eo
480 586 570 625 lecti
609 591 730 624 erant.
793 585 860 624 sed
898 586 1074 636 profecto
1114 583 1373 623 ineluctabilis
1412 584 1506 622 sato-

168 659 255 686 rum
281 648 354 697 vis,
384 647 666 696 cuiuscumque
693 645 891 682 fortunam
916 649 1066 682 mutare
1095 644 1313 694 constituit,
1347 641 1507 681 consilia

168 706 395 756 corrumpit.

129 773 145 802 1
285 762 351 803 58.
415 762 499 808 Quo
533 773 632 800 anno
671 761 708 799 id
742 766 943 812 patravere
983 760 1133 798 facinus
1165 758 1309 798 Brutus
1348 766 1385 798 et
1419 758 1506 797 Cas·
1530 779 1561 803 10

127 831 147 861 2
169 825 267 875 sius,
300 828 501 873 praetores
528 826 656 872 erant,
683 818 724 858 D.
751 819 896 857 Brutus
930 818 1066 857 consul
1093 817 1333 866 designatus:
1367 817 1405 855 hi
1431 829 1508 855 una

169 894 257 920 cum
285 881 565 919 coniurationis
591 877 721 930 globo,
748 879 881 928 stipati
907 876 1163 928 gladiatorum
1184 875 1225 913 D.
1246 874 1359 914 Bruti
1379 887 1509 928 manu,

169 940 401 992 Capitolium
427 949 678 988 occupavere.
742 942 824 975 tum
857 934 993 974 consul
1025 936 1216 973 Antonius
1250 930 1387 986 (quem
1420 946 1509 972 cum

170 998 284 1038 simul
334 995 638 1036 interimendum
689 996 907 1033 censuisset
953 992 1108 1032 Cassius
1153 998 1507 1043 testamentumque

170 1057 346 1096 CaesariS
391 1054 640 1105 abolendum,
683 1053 830 1091 Brutus
868 1057 1151 1103 repugnaverat
1189 1051 1370 1089 dictitans
1415 1050 1562 1096 nihi115

170 1115 334 1166 amplius
379 1112 527 1151 civibus
571 1116 727 1162 praeter
771 1111 924 1161 tyranni
975 1131 1028 1136 —
1079 1111 1130 1147 ita
1178 1110 1282 1147 enim
1326 1108 1511 1160 appellari

170 1174 375 1213 Caesarem
413 1172 514 1210 sacto
553 1172 636 1208 eius
675 1168 903 1220 expediebat
941 1190 997 1195 —
1040 1167 1253 1219 petendum
1297 1179 1383 1206 esse
1425 1179 1509 1206 san-

129 1241 148 1271 3
170 1227 347 1284 guinem)
381 1234 592 1269 convocato
620 1233 774 1279 senatu,
807 1239 896 1265 cum
927 1228 1002 1265 iam
1029 1225 1239 1278 Dolabella,
1272 1237 1388 1276 quem
1421 1225 1509 1264 sul)-

171 1293 381 1330 stituturus
414 1288 487 1326 sibi
520 1287 660 1325 Caesar
692 1287 959 1335 designaverat
988 1284 1206 1336 consulem,
1239 1284 1363 1322 fasces
1395 1290 1509 1334 atque

171 1350 336 1400 insignia
374 1347 631 1397 corripuisset
669 1343 857 1395 consulis,
902 1342 1006 1382 velut
1050 1344 1155 1393 pacis
1193 1348 1329 1381 auctor
1367 1341 1511 1381 liberos
1531 1363 1564 1388 20

173 1419 264 1447 suos
309 1405 464 1444 obsides
507 1407 547 1443 in
585 1402 818 1454 Capitolium
861 1403 967 1440 misit
1010 1401 1203 1451 fidemque
1249 1400 1512 1439 descendendi

131 1474 152 1504 4
173 1472 257 1505 tuto
278 1462 598 1503 interfectoribus
619 1461 794 1499 Caesaris
815 1460 931 1498 dedit.
962 1465 999 1498 et
1020 1458 1113 1498 illud
1135 1459 1282 1497 decreti
1303 1458 1510 1497 Athenien-

174 1527 275 1564 sium
302 1522 548 1562 celeberrimi
573 1519 810 1570 exemplum,
843 1518 1009 1557 relatum
1035 1530 1055 1556 a
1081 1516 1281 1569 Cicerone,
1308 1516 1511 1555 oblivionis

174 1583 472 1635 praeteritarum
506 1590 639 1617 rerum
671 1578 828 1616 decreto
862 1583 1016 1628 patrum
1049 1575 1344 1626 comprobatum
1377 1581 1446 1614 est.

137 1651 153 1680 1
294 1638 360 1680 59.
412 1638 586 1677 Caesaris
619 1635 758 1675 deinde
792 1641 1067 1674 testamentum
1099 1640 1276 1685 apertum
1317 1640 1392 1684 est,
1435 1645 1512 1684 qno
1533 1656 1566 1681 25

175 1699 215 1739 C.
249 1699 469 1749 Octavium,
502 1701 683 1747 nepotem
716 1695 862 1732 sororis
894 1705 985 1731 suae
1019 1692 1154 1743 luliae,
1187 1690 1403 1742 adoptabat.
1466 1691 1512 1730 de

176 1759 287 1797 cuius
320 1758 488 1807 origine,
522 1756 637 1793 etlam
670 1754 701 1791 si
734 1765 804 1804 per
836 1764 876 1790 se
910 1753 1024 1803 nitet,
1062 1762 1182 1801 pauca
1215 1749 1377 1788 dicenda
1410 1755 1512 1788 sunt.

270 1874 290 1904 2
317 1869 477 1914 plurima
502 1867 536 1902 ei
564 1866 689 1902 Orelli:
716 1864 867 1910 plurimi
895 1864 993 1906 MA,
1020 1862 1180 1908 plurima
1204 1863 1239 1896 A
1266 1872 1355 1897 corr.
1383 1864 1415 1896 et
1442 1860 1478 1895 P

177 1923 198 1953 4
225 1915 530 1960 diligentissimae
556 1915 591 1948 A
689 1917 709 1947 6
736 1912 894 1947 *orabat
918 1911 994 1945 ΛΡ
1015 1912 1018 1953 Ι
1040 1921 1159 1954 neque
1185 1921 1218 1954 p.
1246 1909 1292 1943 ab
1318 1918 1360 1942 eo
1389 1908 1440 1942 A:
1468 1906 1514 1942 ab

178 1976 220 2000 eo
246 1974 363 2007 neque
390 1974 424 2006 p.
455 1962 503 2004 P,
531 1961 577 1995 ab
603 1959 710 1995 obvio
737 1971 770 1995 n.
798 1971 830 2003 p.
858 1959 1024 1992 Burman
1052 1968 1095 1991 ea·
1121 1958 1216 1991 Suet.
1245 1955 1342 1989 Caes.
1371 1958 1411 1989 81

178 2014 198 2045 8
231 2010 490 2052 cuiuscumque
523 2007 707 2042 Gelenius:
745 2005 847 2040 cuius
880 2016 962 2039 cum
998 2006 1122 2047 (quom
1156 2003 1204 2045 P)
1237 2001 1374 2043 MAP,
1413 2000 1515 2035 cuius

178 2059 313 2099 „>ildus,
341 2057 514 2099 cuiusque
539 2054 757 2095 Salmasius3
779 2056 815 2086 at
836 2055 910 2085 tum
929 2054 1163 2094 e.rspecta›·es:
1191 2049 1244 2082 vis
1266 2050 1321 2082 est
1341 2047 1515 2090 cuiusque

274 2108 316 2138 10
343 2103 380 2137 id
406 2103 443 2136 id
469 2104 502 2136 A
527 2105 531 2144 1
554 2101 600 2135 Μ.
628 2100 760 2134 Brutus
781 2098 956 2133 Heinsius
979 2100 982 2140 Ι
1006 2096 1148 2131 Cassius
1176 2096 1345 2138 Stanyer:
1374 2093 1410 2128 C.
1431 2093 1516 2128 Cas-

179 2152 253 2186 sius
279 2151 354 2185 ΛΡ
428 2153 468 2184 13
494 2150 573 2183 tum
601 2148 740 2182 Haase:
768 2156 850 2180 cum
876 2144 952 2178 ΑΙ)
1025 2148 1066 2178 18
1094 2141 1289 2177 Dolobclla.
1313 2141 1347 2174 P
1374 2167 1375 2173 ,
1405 2151 1516 2184 quam

179 2198 399 2232 substitutus
426 2197 459 2230 A
565 2199 606 2229 19
634 2193 730 2228 COS.
760 2193 795 2226 P
895 2194 938 2226 20
966 2189 1123 2225 consulis
1151 2191 1200 2223 A:
1229 2187 1326 2223 COS.
1356 2188 1405 2229 P,
1433 2198 1516 2222 con-

180 2245 315 2279 sularia
342 2244 460 2278 Aldus
573 2246 616 2277 27
649 2251 715 2285 per
741 2249 778 2274 se
810 2238 905 2273 uitet
928 2237 1114 2271 Burman:
1147 2234 1337 2280 praeuenit
1370 2236 1408 2268 et
1432 2233 1519 2276 AP,⁴

180 2292 362 2335 praenitet
391 2290 566 2324 Heinsius
