1635 2572
130 679 150 709 19

137 1613 152 1642 l

173 154 256 195 102
825 152 858 187 Π

170 263 332 302 validius
364 264 490 314 diligat
528 268 591 300 aut
626 261 776 300 facilius
806 262 972 301 sufficiat
1000 264 1154 313 negotio
1187 269 1225 301 et
1257 265 1377 315 magis
1409 277 1504 316 quae

171 322 316 374 agenda
350 329 436 360 sunt
473 326 584 359 curet
616 321 698 358 sine
731 320 807 359 ulla
839 322 1097 359 ostentatione
1131 321 1279 371 agendi.

289 378 354 419 99.
418 379 531 416 Brevi
570 380 774 417 interiecto
818 380 941 429 spatio
979 379 1035 417 Ti.
1074 378 1177 417 Nero
1221 378 1374 419 duobus
1419 392 1507 420 con-

172 438 360 477 sulatibus
393 437 633 487 totidemque
673 436 881 487 triumphis
914 439 1009 475 actis
1042 436 1272 476 tribuniciae
1305 441 1509 489 potestatis

172 497 420 534 consortione
453 501 641 546 aequatus
667 496 860 547 Augusto,
893 497 1034 534 civium
1066 501 1153 546 post
1187 508 1325 547 unum,
1359 503 1395 535 et
1422 496 1546 548 hoc,5

172 556 261 605 quia
293 553 459 605 volebat,
493 555 844 606 eminentissimus,
883 553 1026 592 ducum
1058 555 1264 605 maximuS,
1303 555 1401 593 sama
1435 556 1509 593 sor-

173 619 343 663 tunaque
377 611 657 651 celeberrimus
691 618 727 650 et
761 624 850 650 vere
883 611 1048 650 alterum
1080 614 1138 650 rei
1170 611 1346 663 publicae
1379 613 1510 652 lumen

173 677 208 710 et
250 677 381 722 caput,
427 672 523 709 mira
562 671 725 721 quadam
765 676 803 709 et
846 669 1065 709 incredibili
1106 676 1220 720 atque
1262 671 1512 710 inenarrabili

171 731 331 781 pietate,
359 731 470 767 cuius
498 741 635 767 causae
664 741 751 767 mox
780 728 954 767 detectae
983 734 1090 780 sunt,
1118 741 1206 767 cum
1233 728 1350 767 Gaius
1371 729 1511 768 Caesar

172 789 403 838 sumpsisset
436 789 510 825 iam
542 787 691 825 virilem
724 793 872 838 togam‚‘
903 786 1046 825 Lucius
1079 788 1172 825 item
1199 793 1375 826 maturus
1409 795 1566 827 esset1o

171 846 337 898 viribus,
370 858 417 884 ne
451 846 578 896 fulgor
607 858 701 884 suus
729 847 938 884 orientium
965 846 1147 883 iuvenum
1174 845 1347 883 obstaret
1379 847 1513 898 initiis,

172 904 411 943 dissimulata
445 916 558 942 causa
587 904 738 942 consilii
765 905 841 955 sui,
875 910 1133 941 commeatum
1161 903 1206 941 ab
1234 915 1370 942 socero
1398 910 1512 954 atque

173 963 309 1001 eodem
342 964 478 1000 vitrico
506 961 783 1012 adquiescendi
815 974 834 999 a
861 963 1151 1000 continuatione
1186 961 1361 1000 laborum
1391 964 1512 1013 petiit.

175 1023 261 1071 quis
300 1022 417 1059 suerit
456 1033 500 1059 eo
540 1027 713 1071 tempore
753 1021 917 1058 civitatis
956 1019 1127 1070 habitus,
1166 1022 1232 1069 qui
1270 1020 1512 1070 singulorum

174 1081 307 1131 animi,
344 1090 441 1129 quae
475 1078 778 1129 digredientium
810 1090 829 1116 a
862 1083 968 1116 tanto
1002 1079 1083 1115 vlro
1117 1079 1290 1116 omnium
1321 1078 1514 1130 lacrimae,
1535 1094 1567 1119 15

174 1149 289 1188 quam
327 1148 449 1188 paene
490 1138 524 1175 ei
562 1138 685 1187 patria
730 1147 887 1174 manum
927 1136 1123 1187 iniecerit,
1167 1137 1269 1174 iusto
1315 1148 1514 1175 servemus

175 1197 300 1247 operi:
347 1195 441 1234 illud
479 1197 595 1233 etiam
633 1197 672 1234 in
710 1194 783 1233 hoc
822 1201 1051 1233 transcursu
1091 1194 1298 1233 dicendum
1343 1201 1418 1247 est,
1462 1196 1513 1233 ita

174 1260 325 1305 septem
366 1265 486 1291 annos
525 1253 651 1292 Rhodi
689 1258 899 1304 moratum,
938 1258 979 1290 ut
1019 1264 1172 1304 omnes,
1211 1254 1277 1303 qui
1315 1265 1385 1304 pro
1424 1265 1513 1292 con-

175 1312 325 1351 sulibus
357 1312 550 1362 legatique
584 1314 623 1350 in
656 1312 933 1349 transmarinas
965 1316 1057 1349 sunt
1086 1311 1252 1361 profecti
1283 1313 1514 1363 provincias,

174 1370 323 1410 visendi
363 1372 446 1409 eius
485 1371 606 1421 gratia
639 1370 822 1408 Rhodum
863 1371 1108 1408 (ἵειένΐενίηῐ
1146 1375 1260 1419 atque
1300 1381 1389 1408 eum
1425 1381 1569 1413 con-20

173 1430 374 1468 venientes
408 1440 561 1479 semper
593 1430 760 1479 privato,
793 1429 824 1466 si
856 1427 918 1466 illa
944 1429 1126 1466 maiestas
1151 1429 1299 1478 privata
1332 1439 1515 1479 umquam

175 1488 265 1539 suit,
310 1488 433 1525 fasces
478 1498 569 1525 suos
616 1487 883 1525 summiserint
924 1486 1092 1536 fassique
1144 1487 1221 1524 sint
1264 1487 1387 1525 otium
1431 1488 1514 1525 eius

175 1546 404 1584 honoratius
437 1546 600 1596 imperio
635 1557 716 1583 suo.

297 1602 388 1642 100.
454 1603 584 1642 Sensit
627 1609 822 1642 terrarum
866 1602 971 1641 orbis
1016 1602 1235 1653 digressum
1278 1614 1298 1641 a
1340 1603 1514 1642 custodia

175 1662 371 1700 Neronem
415 1661 541 1700 urbis:
586 1673 673 1700 nam
719 1667 756 1700 et
793 1661 960 1700 Parthus
999 1661 1220 1699 desciscens
1265 1672 1284 1698 a
1330 1663 1514 1699 societate
1536 1680 1568 1703 ,‚

176 1720 347 1759 Romana
392 1720 529 1758 adiecit
574 1720 777 1758 Armeniae
829 1731 984 1758 manum
1035 1725 1073 1757 et
1118 1718 1322 1757 Germania
1371 1721 1517 1758 aversis

135 1787 155 1818 2
177 1779 380 1817 domitoris
413 1780 473 1817 sui
506 1778 629 1817 oculis
662 1777 871 1816 rebellavit.
933 1784 967 1815 at
1002 1779 1040 1815 in
1074 1776 1170 1815 urbe
1210 1789 1255 1815 eo
1287 1779 1371 1827 ipso
1405 1789 1516 1829 anno,

176 1849 252 1888 quo
286 1837 678 1887 magnificentissimis
717 1836 933 1887 gladiatorii
971 1837 1146 1874 muneris
1187 1835 1516 1886 naumacliiaeque

271 1942 291 1972 3
319 1938 373 1972 Ti.
404 1938 452 1972 P:
480 1938 520 1972 T.
547 1939 582 1971 A
657 1941 697 1972 11
727 1937 863 1971 viribus
889 1937 1038 1980 Bipont.
1066 1936 1153 1970 uiris
1174 1936 1257 1978 ΑΡ,
1285 1937 1379 1970 curis
1403 1936 1516 1971 Hein-

176 1986 252 2020 sius
350 1988 390 2018 13
418 1984 570 2019 uietrieo
597 1984 632 2018 A
732 1988 772 2018 15
800 1995 821 2018 a
846 1985 950 2018 tanto
980 1983 1028 2017 P:
1056 1985 1093 2017 etv
1118 1984 1202 2017 anto
1230 1983 1264 2016 A
1372 1986 1413 2016 13
1440 1994 1515 2017 mo-

176 2033 298 2066 ratum
327 2031 425 2065 MA:
459 2033 642 2065 moratum
670 2032 724 2065 est
752 2031 787 2064 P
908 2034 948 2064 19
975 2029 1180 2074 legatisque
1207 2030 1241 2062 A
1268 2039 1357 2063 corr.
1394 2034 1397 2069 l
1433 2032 1519 2063 sunt

177 2079 386 2113 addidimus
501 2082 543 2111 :20
571 2078 718 2121 *gratia
743 2077 789 2111 ad
816 2087 924 2120 quem
951 2075 1211 2110 conuenientes
1238 2076 1320 2112 ΑΙ).
1348 2077 1391 2118 cf.
1419 2078 1516 2110 ,Suet

181 2126 259 2159 Tib.
284 2129 324 2159 12
351 2125 544 2168 vitansque
569 2123 971 2168 praeternavigantium
992 2122 1130 2164 officia,
1157 2121 1287 2165 quibus
1309 2123 1517 2166 frequenta-

177 2172 286 2206 batur
319 2171 480 2214 assidue,
516 2171 661 2205 nemine
695 2182 776 2205 cum
810 2169 962 2214 imperio
996 2171 1060 2203 aut
1093 2168 1310 2211 magistratu
1346 2169 1517 2203 tendent-3

178 2229 380 2262 quoquam,
407 2219 495 2261 quin
521 2218 728 2252 deverteret
752 2216 932 2251 Rhodum.
1032 2219 1073 2249 ⁴21
1103 2215 1266 2259 priuatos
1292 2215 1358 2249 illa
1383 2216 1460 2250 ΑΡ

179 2277 339 2307 unquam
367 2266 500 2300 Aldus:
527 2275 713 2308 uunquam
741 2263 816 2297 ΑΡ
892 2265 935 2296 28
963 2261 1319 2306 magnificentissimi
1345 2262 1429 2305 ΑΡ,
1454 2273 1516 2298 em.

181 2312 344 2354 Cuperus
