1635 2572
129 143 185 185 92
784 144 816 178 H

129 252 349 304 Cleopatra:
411 252 602 290 Antonius
653 252 837 301 fugientis
888 253 1043 302 reginae
1094 264 1210 303 quam
1260 255 1467 304 pugnantis

129 311 262 350 militis
300 313 359 349 sui
399 322 528 348 comes
568 321 653 347 esse
694 309 828 348 maluit
865 315 904 348 et
942 311 1171 363 imperator,
1217 312 1282 361 qui
1327 313 1365 350 in
1404 312 1467 350 de-

129 376 300 408 sertores
345 370 491 406 saevire
537 367 743 419 debuerat,
787 367 965 406 desertor
1003 370 1198 407 exercitus
1239 370 1300 408 sui
1344 369 1468 409 factus

130 434 199 466 est.
261 426 336 465 illis
376 428 491 464 etiam
530 425 704 464 detracto
738 427 861 477 capite
895 427 933 464 in
967 426 1124 477 longum
1156 427 1366 466 fortissime
1399 440 1467 479 pu-

130 485 271 536 gnandi
304 484 456 522 duravit
488 485 704 522 constantia
737 490 775 522 et
807 484 1010 535 desperata
1040 487 1199 523 victoria
1232 487 1270 524 in
1303 491 1469 524 mortem
1489 493 1505 520 5

130 542 396 582 dimicabatur.
455 541 612 594 Caesar,
645 554 743 593 quos
768 543 872 581 ferro
892 549 1045 594 poterat
1065 545 1309 596 interimere,
1342 544 1470 583 verbis

131 601 302 640 mulcere
342 602 504 652 cupiens
541 600 820 651 clamitansque
853 607 892 640 et
924 601 1134 640 ostendens
1176 601 1320 653 fugisse
1353 602 1469 641 Anto-

130 662 255 712 nium,
288 658 517 710 quaerebat,
549 671 620 710 pro
654 671 730 709 quo
762 665 801 698 et
833 671 922 698 cum
947 671 1023 710 quo
1055 666 1286 711 pugnarent.
1349 666 1386 699 at
1417 660 1471 699 illi

130 730 220 757 cum
252 718 317 756 diu
356 730 427 768 pro
461 717 620 756 absente
660 717 909 756 dimicassent
946 718 1062 769 duce,
1100 730 1214 769 aegre
1253 720 1471 757 summissis

130 778 248 815 armis
280 788 435 814 cessere
456 777 676 827 victoriam,
709 777 902 826 citiusque
935 778 1050 814 vitam
1080 778 1308 827 veniamque
1331 776 1471 815 Caesar
1492 785 1525 810 10

129 836 326 887 promisit,
366 846 481 885 quam
518 834 593 873 illis
632 840 676 872 ut
714 846 797 873 eam
836 840 1092 885 precarentur
1131 846 1363 885 persuasum
1396 841 1471 886 est3

131 894 283 944 fuitque
315 894 354 932 in
376 893 555 931 confesso
576 892 718 931 milites
739 894 874 943 optimi
897 894 1163 945 imperatoris,
1195 895 1472 944 imperatorem

134 952 370 1002 fugacissimi
403 951 536 990 militis
578 952 756 990 functum
788 952 931 1003 officio,
971 958 1014 989 ut
1051 950 1223 1002 dubites,
1263 963 1384 990 suone
1424 963 1471 989 an

133 1010 358 1061 Cleopatrae
392 1009 552 1048 arbitrio
584 1011 784 1047 victoriam
819 1015 1106 1060 temperaturus
1147 1010 1281 1061 suerit,
1321 1011 1387 1059 qui
1425 1009 1471 1047 ad

133 1070 217 1107 eius
261 1067 467 1106 arbitrium
512 1067 699 1105 direxerit
742 1068 882 1117 fugam.
957 1067 1058 1105 idem
1104 1067 1252 1105 locatus
1290 1069 1329 1105 in
1367 1074 1472 1106 terra
1493 1076 1524 1102 15

132 1127 224 1165 fecit
257 1128 469 1178 exercitus,
509 1137 599 1164 cum
631 1137 672 1163 se
705 1124 888 1163 Canidius
920 1126 1125 1176 praecipiti
1158 1125 1247 1175 suga
1279 1127 1473 1176 rapuisset

132 1184 177 1223 ad
209 1185 430 1223 Antonium.

251 1241 317 1282 86.
369 1242 469 1287 Quid
502 1242 564 1281 ille
597 1241 680 1280 dies
701 1247 896 1280 terrarum
916 1240 1001 1280 orbi
1033 1243 1289 1294 praestiterit,
1321 1254 1368 1280 ex
1395 1254 1471 1292 quo

132 1303 171 1340 in
205 1313 321 1351 quem
355 1307 497 1339 statum
533 1301 757 1351 pervenerit
796 1300 950 1338 fortuna
987 1299 1159 1351 publica,
1198 1302 1284 1350 quis
1322 1302 1361 1338 in
1399 1299 1471 1338 hoe

91 1374 99 1383 ·
133 1365 363 1398 transcursu
403 1364 477 1397 tam
516 1359 630 1397 artati
668 1359 797 1409 operis
836 1359 1054 1409 exprimere
1096 1355 1262 1396 audeat?
1312 1359 1472 1397 victoria
1492 1368 1525 1392 20

134 1430 225 1456 vero
272 1418 343 1456 suit
387 1417 704 1468 clementissima,
749 1428 820 1454 nec
866 1418 1071 1466 quisquam
1115 1418 1375 1467 interemptus
1413 1422 1474 1455 est

132 1477 378 1527 paucissimis
423 1477 614 1528 exceptis,
665 1476 731 1525 qui
775 1486 822 1513 ne
868 1475 1070 1525 deprecari
1115 1474 1271 1525 quidem
1315 1487 1386 1526 pro
1431 1486 1471 1513 se

133 1536 386 1572 sustinerent.
449 1546 494 1571 ex
534 1545 609 1584 qua
652 1532 809 1571 lenitate
849 1532 958 1571 ducis
997 1532 1123 1583 colligi
1168 1534 1310 1584 potuit,
1355 1545 1472 1583 quem

134 1598 199 1631 aut
231 1594 341 1630 initio
375 1593 642 1630 triumviratus
675 1593 735 1630 sui
768 1596 833 1629 aut
864 1593 903 1629 in
937 1592 1081 1641 campis
1113 1590 1333 1642 Philippiis,
1372 1592 1404 1629 si
1436 1592 1472 1629 ei

131 1650 324 1703 licuisset,
357 1652 539 1688 victoriae
571 1661 662 1688 suae
696 1650 870 1688 facturus
904 1650 1019 1688 suerit
1041 1651 1207 1688 modum.
1259 1655 1294 1687 at
1317 1649 1472 1688 Sosium
1492 1659 1524 1684 25

228 1756 249 1786 4
277 1751 389 1786 etiam
414 1751 503 1785 AP:
543 1751 640 1785 enim
675 1751 726 1785 ed.
761 1750 865 1784 OreH.
893 1752 1036 1793 errore}
1065 1750 1268 1784 detrectato
1294 1750 1378 1793 ΑΡ,
1411 1761 1474 1784 em.

142 1798 370 1832 Vaseosmms
493 1803 531 1832 11
561 1809 641 1832 eam
669 1797 884 1831 Salmasius:
912 1807 955 1831 ea
980 1797 1056 1830 ΑΡ
1183 1800 1224 1830 12
1251 1796 1323 1830 fuit
1347 1796 1411 1840 qui
1435 1796 1475 1831 in

135 1845 314 1880 confessio
341 1847 373 1878 A
487 1848 528 1878 13
558 1844 677 1878 officio
704 1855 769 1877 om.
795 1845 829 1878 A
855 1846 858 1887 l
882 1845 922 1877 ui:
947 1843 1092 1878 dubites
1119 1854 1231 1877 suone
1256 1843 1393 1878 Burer:
1419 1842 1473 1877 ui-

134 1892 276 1926 debites
303 1902 346 1925 ne
367 1892 412 1934 A,
439 1891 582 1926 uidebit
608 1902 626 1925 e
653 1901 718 1925 suo
742 1890 777 1924 P
801 1890 981 1933 (functum
1007 1890 1096 1924 vice.
1123 1889 1323 1924 Dubitesne
1349 1890 1472 1932 Orelli)

207 1943 250 1972 14
277 1938 397 1972 fuerat
422 1938 497 1971 ΑΡ
640 1942 681 1971 15
708 1937 785 1971 eius
816 1938 942 1980 fugam
972 1936 1164 1971 arbitrium
1191 1936 1223 1970 d.
1251 1936 1376 1980 fugam
1402 1937 1435 1969 A
1465 1935 1469 1980 Ι

138 1984 298 2019 *direxit
322 1985 396 2018 ΑΡ
417 1986 421 2027 Ι
443 1984 481 2018 in
507 1986 605 2018 terra
630 1984 784 2026 (interea
808 1995 833 2018 s.
862 1985 899 2027 I.)
926 1984 959 2017 A
1087 1987 1130 2017 22
1156 1982 1388 2027 paucissimis
1413 1994 1472 2016 ex·

139 2031 254 2076 ceptis
274 2031 468 2065 Ruhnken:
496 2030 709 2075 paucissimi
735 2032 772 2065 et
797 2030 835 2064 hi
854 2030 938 2072 ΑΙ),
965 2029 1035 2064 nisi
1060 2029 1273 2074 paucissimi
1299 2032 1335 2063 et
1360 2028 1387 2063 ii
1407 2029 1473 2063 Ge-

135 2079 267 2120 lenius,
299 2078 511 2123 paucissimi
543 2078 649 2112 eiecti
684 2079 756 2121 ipse
787 2077 964 2122 quondam
989 2078 994 2115 1
1016 2076 1080 2119 qui
1105 2076 1202 2120 depr.
1231 2075 1379 2119 quidem
1406 2087 1472 2120 pro

135 2137 172 2159 se
198 2136 270 2159 non
296 2128 380 2160 sust.
408 2125 492 2167 ΑΡ,
523 2136 583 2158 em.
611 2125 788 2158 Heinsius
884 2128 928 2157 24
954 2122 1169 2167 Philippicis
1195 2122 1363 2156 Gelenius
1384 2127 1389 2166 1
1412 2122 1473 2156 *si

134 2172 183 2205 ei:
211 2172 261 2206 sie
282 2174 327 2212 A,
355 2172 384 2206 si
411 2172 462 2206 sic
488 2172 532 2213 P,
560 2172 589 2205 si
616 2172 738 2205 Bure]-
833 2174 876 2205 25
903 2169 1050 2203 modum
1077 2169 1159 2203 add.
1187 2169 1386 2203 Issa-uanus
1408 2172 1412 2210 Ι
1435 2170 1475 2203 at

135 2218 276 2252 Sosium
305 2220 343 2252 L.
365 2218 531 2253 Arruntii
560 2218 763 2252 Puteanus:
791 2217 837 2251 ad
865 2216 995 2251 solium
1023 2215 1164 2258 (folium
1188 2216 1240 2257 1²)
1267 2216 1415 2250 alarunt
1436 2216 1472 2250 in

133 2266 217 2308 Al),
250 2267 291 2299 de
323 2268 362 2299 at
393 2266 534 2308 dubito,
567 2275 645 2300 cum
672 2264 861 2308 particula
887 2263 1114 2297 adversativa
1133 2273 1269 2307 parum
1296 2266 1384 2307 apta
1408 2263 1472 2305 sit3
1507 2270 1511 2274 ⁴

131 2313 215 2354 sort.
243 2312 279 2346 C.
308 2311 451 2345 Sosium

1631 1026 1635 1048 ..-
1617 351 1635 982 *Qu-namu„-
1631 315 1633 320 Δ
1628 287 1633 302 a
1629 237 1632 244 <
