1635 2572
818 153 831 185 l

151 156 177 197 σᾶ

112 274 128 303 1
271 262 307 302 9.
330 263 353 289 *
375 262 398 289 *
421 263 445 288 '³‘
485 273 600 313 quam
628 263 810 300 timuerat
842 260 983 312 hostis,
1016 261 1173 310 expetit.
1217 273 1306 300 nam
1331 261 1488 301 biennio

154 323 248 363 adeo
281 324 385 360 varia
418 322 573 360 fortuna
602 331 691 358 cum
718 318 944 357 consulibus
970 318 1213 370 conflixerat,
1246 325 1289 357 ut
1320 320 1487 370 plerum-

153 393 228 432 que
263 382 441 432 superior
474 379 593 417 fuerit
618 389 872 428 magnamque
905 383 1056 427 partem
1082 375 1265 415 Graeciae
1297 378 1337 415 in
1369 380 1489 417 socie-

113 447 132 478 2
155 446 272 478 tatem
306 451 415 477 suam
453 437 700 488 perduceret.
759 437 853 486 quin
885 434 1026 472 Rhodii
1065 446 1238 487 quoque,
1278 434 1492 474 fidelissimi

155 505 265 536 antea
298 497 499 546 Romanis,
532 501 615 533 tum
647 493 762 532 dubia
795 493 868 532 fide
890 493 1078 544 speculati
1110 493 1306 532 fortunam
1336 495 1491 545 pronio-
1511 502 1528 528 5

154 567 217 593 res
257 556 361 605 regis
399 553 576 605 partibus
615 553 734 591 fuisse
774 553 845 590 visi
884 558 991 603 sunt3
1035 557 1073 590 et
1112 564 1180 590 rex
1218 551 1415 591 Eumenes
1453 554 1494 590 in

155 626 200 651 eo
239 613 340 651 bello
373 612 525 651 medius
569 612 642 650 fuit
680 613 825 662 animo,
869 622 995 661 neque
1040 610 1171 648 fratris
1209 606 1341 649 11111115Ι
1367 622 1494 661 neque

115 682 133 710 3
156 683 247 710 suae
281 671 485 722 respondit
517 669 803 708 consuetudini.
854 674 937 707 tum
963 674 1122 707 senatus
1147 669 1393 720 populusque
1419 669 1494 707 Ro-

157 742 295 768 manus
338 729 380 768 L.
419 728 625 767 Aemilium
662 727 843 778 Paulum,
888 728 954 777 qui
996 733 1035 765 et
1077 733 1234 777 praetor
1278 733 1317 766 et
1359 727 1495 766 consul

158 788 482 839 triumphaverat,
520 789 648 825 virum
679 788 718 824 in
751 792 901 824 tantum
942 784 1192 837 laudandum,
1230 787 1269 824 111
1308 791 1496 836 quantum
1517 795 1550 820 ιο

157 846 332 896 intellegi
365 848 488 884 virtus
513 850 660 897 potest,
693 844 893 883 consulem
920 845 1080 895 creavit,
1112 843 1234 882 filium
1266 845 1350 882 eius
1376 843 1497 895 Pauli,

158 907 224 956 qui
245 905 290 943 ad
313 904 464 943 Cannas
488 916 603 955 quam
624 905 930 954 tergiversanter
950 903 1211 953 perniciosam
1234 904 1291 940 rei
1318 900 1496 953 publicae

117 973 138 1002 4
161 976 330 1014 pugnam
369 964 525 1015 inierat,
569 968 647 1000 tam
691 962 848 1000 fortiter
885 962 924 999 in
963 973 1007 999 ea
1044 966 1211 999 mortem
1249 960 1409 999 obierat.
1464 962 1497 999 is

158 1022 317 1060 Persam
357 1023 505 1072 ingenti
544 1020 692 1072 proelio
732 1020 832 1071 apud
872 1019 1010 1058 urbem
1048 1021 1204 1057 nomine
1243 1019 1415 1070 Pydnam
1457 1020 1497 1057 111

157 1080 381 1118 Macedonia
414 1080 545 1118 susum
572 1080 824 1130 fugatumque
858 1079 995 1116 castris
1028 1079 1135 1115 exuit
1166 1077 1381 1128 deletisque
1414 1079 1551 1116 0111515

159 1140 281 1190 copiis
314 1138 545 1176 destitutum
578 1138 683 1174 omni
715 1148 783 1187 spe
816 1137 945 1186 coegit
976 1148 995 1174 e
1022 1135 1245 1173 Macedonia
1276 1136 1500 1187 profugere,

159 1208 275 1247 quam
296 1196 358 1234 ille
379 1196 562 1246 linquens
582 1196 622 1233 111
646 1194 812 1233 insulam
834 1193 1139 1232 Samothraciam
1158 1194 1330 1245 perfugit
1349 1193 1499 1245 templi-

161 1267 236 1306 que
269 1266 308 1293 se
341 1254 521 1304 religioni
554 1253 770 1304 supplicem
798 1252 975 1291 credidit.
1026 1252 1072 1290 ad
1105 1264 1194 1290 eum
1221 1252 1288 1290 Cn.
1316 1251 1499 1291 Octavius

159 1319 334 1364 praetor,
380 1314 445 1362 qui
487 1311 601 1350 classi
648 1316 844 1362 praeerat,
887 1311 1064 1361 pervenit
1107 1316 1146 1348 et
1189 1312 1340 1349 ratione
1378 1312 1500 1361 magis

119 1380 138 1410 5
161 1384 276 1423 quam
315 1372 351 1409 vi
389 1371 601 1422 persuasit,
639 1375 682 1408 ut
721 1381 760 1407 se
794 1369 1059 1407 Romanorum
1097 1368 1187 1407 fidei
1225 1370 1498 1407 committeret.
1520 1379 1553 1404 20

160 1432 212 1469 ita
244 1429 388 1468 Paulus
421 1430 632 1467 maximum
664 1427 1027 1478 nobilissimumque
1060 1438 1192 1477 regem
1229 1428 1270 1465 in
1302 1427 1500 1479 triumpho

161 1488 280 1527 duxit.
339 1500 415 1538 quo
461 1499 561 1525 auno
606 1492 645 1525 et
683 1485 831 1524 Octavii
874 1486 1067 1536 praetoris
1111 1484 1254 1523 navalis
1299 1491 1338 1524 et
1376 1486 1502 1524 Anicii

161 1558 294 1597 regem
325 1545 547 1596 Illyriorum
580 1544 764 1583 Gentium
803 1550 891 1582 ante
933 1555 1092 1583 currum
1133 1545 1282 1594 agentis
1315 1543 1502 1595 triumphi

121 1616 138 1642 a
162 1606 270 1644 suere
300 1604 485 1643 celebres.
537 1615 652 1654 quam
679 1605 729 1641 sit
754 1602 912 1641 adsidua
940 1603 1146 1640 eminentis
1167 1602 1344 1640 fortunae
1371 1614 1501 1641 comes

161 1663 302 1702 invidia
341 1663 616 1712 altissimisque
651 1661 873 1712 adhaereat,
917 1662 1033 1699 etiam
1077 1660 1150 1698 hoe
1195 1660 1324 1711 colligi
1360 1666 1501 1713 potest,
1522 1670 1551 1694 ε’

161 1722 265 1772 quod
299 1733 387 1759 cum
408 1721 533 1759 Anicii
554 1720 780 1771 Octaviique
814 1719 1057 1770 triumphum
1078 1730 1192 1757 nemo
1222 1718 1504 1771 interpellaret,

260 1895 277 1925 1
313 1891 370 1925 hic
403 1891 532 1934 incipit
558 1891 613 1932 A;
646 1891 815 1925 lacunam
845 1891 897 1925 sie
928 1890 1139 1934 explendam
1173 1889 1334 1924 censebat
1364 1888 1506 1924 Haase:

165 1949 321 1982 quorum
342 1937 558 1971 iniuriarum
585 1938 743 1981 populus
763 1937 829 1972 Ro.
851 1947 1008 1981 poenam
1027 1936 1168 1971 tardius
1194 1946 1305 1980 quam
1331 1934 1505 1971 timuerat

164 1985 283 2019 hostis
317 1984 459 2028 expetit
487 1984 670 2028 (expetiit)
780 1989 799 2018 3
826 1983 937 2018 fuerit
964 1983 1012 2016 P:
1045 1982 1117 2017 fuit
1143 1983 1247 2024 MA,
1279 1982 1374 2017 foret
1398 1983 1503 2017 Acid.

236 2036 256 2064 4
289 2030 500 2075 perduxerit
531 2031 632 2074 Le'ps.
663 2032 667 2073 Ι
699 2030 788 2074 quin
822 2030 1006 2064 Gelenius:
1046 2029 1145 2074 quib.
1173 2028 1320 2073 (quibus
1348 2029 1396 2073 P)
1426 2029 1508 2063 AP

237 2082 256 2112 5
283 2079 393 2112 antea
422 2078 526 2111 MA:
567 2081 651 2112 ante
680 2077 716 2110 P
743 2080 746 2121 Ι
781 2077 959 2122 primores
984 2077 1019 2110 A
1142 2080 1159 2110 7
1193 2075 1296 2120 [fuit]
1330 2076 1506 2110 Heinsius

239 2129 279 2158 11
309 2135 403 2159 cons
432 2123 569 2158 creavit
601 2134 665 2159 om.
693 2125 726 2157 A
827 2128 867 2158 13
902 2125 1058 2158 mortem
1092 2122 1141 2156 P:
1176 2123 1294 2156 morte
1322 2122 1411 2156 MA

169 2175 210 2205 14
243 2171 377 2205 Persen
414 2171 514 2213 infra
543 2174 572 2212 1,
593 2175 677 2211 11,1
710 2172 714 2214 Ι
748 2171 903 2205 Pidnam
929 2171 963 2204 A
1093 2173 1133 2203 17
1167 2168 1329 2213 perfugit
1355 2168 1507 2204 Crusius

165 2219 336 2260 (l'robab.
364 2219 440 2252 crit.
471 2229 507 2261 ρ.
538 2220 630 2252 1161ε
673 2218 837 2261 profugit
862 2217 943 2251 ΑΡ
1049 2220 1091 2250 2-2
1120 2214 1251 2251 Octaui
1285 2216 1367 2250 ΑΡ
1399 2219 1430 2250 et
1455 2217 1507 2250 sic

164 2266 308 2308 saepius
341 2265 379 2298 in
409 2265 463 2298 leis
494 2265 663 2307 granaticis
772 2269 815 2298 22
849 2265 886 2298 et
917 2267 960 2297 ‘26
994 2263 1109 2297 Anitii
1142 2263 1176 2296 A
1285 2266 1328 2297 23
1363 2263 1536 2308 agentis·

167 2312 350 2346 Gelenius:
379 2311 567 2354 agentium
595 2311 670 2344 ΛΡ
