1635 2572
186 134 241 175 96
842 131 874 165 11

185 250 262 282 tam
294 243 405 294 longa
444 253 641 281 armorum
680 243 802 279 series
840 240 1085 279 laceraverat.
1152 240 1353 292 Dalmatia,
1395 254 1520 282 annos

184 304 318 353 viginti
357 307 395 340 et
432 301 622 339 ducentos
660 298 834 350 rebellis,
873 298 918 337 ad
957 304 1101 336 certam
1141 298 1425 338 consessionem
1457 313 1519 352 pa-

185 367 266 399 cata
301 366 356 397 est
391 359 554 409 imperii.
617 357 731 408 Alpes
771 357 863 395 seris
895 356 1130 406 incultisque
1169 356 1390 396 nationibus
1423 358 1520 397 cele-

184 418 274 457 bres
306 417 558 467 perdomitae.
620 415 825 466 Hispaniae
859 426 961 453 nunc
995 416 1117 465 ipsius
1148 417 1386 466 praeseutia,
1418 428 1521 456 nunc

185 477 394 527 Angppae,
445 486 561 525 quem
605 486 728 524 usque
773 475 812 512 in
858 474 1017 511 tertium
1062 473 1307 512 consulatum
1352 480 1390 512 et
1434 483 1557 514 mox⁵

185 533 391 584 collegium
423 532 655 571 tribuniciae
682 533 884 583 potestatis
914 533 1080 570 amicitia
1112 533 1299 583 principis
1331 539 1523 586 evexerat,

145 601 164 631 2
186 592 307 631 multo
346 593 529 642 varioque
568 591 689 629 Marte
727 596 895 641 pacatae.
963 591 1003 628 in
1045 602 1140 641 quas
1177 592 1396 641 provincias
1434 603 1524 630 cum

184 652 294 689 initio
323 650 504 700 Scipione
536 655 573 688 et
601 649 833 699 Sempronio
860 648 991 699 Longo
1019 648 1244 687 consulibus
1270 651 1396 700 primo
1423 662 1523 688 anno

185 708 347 747 secundi
374 710 466 747 belli
490 708 628 747 Punici
653 707 792 745 abhinc
819 719 939 745 annos
965 708 1241 758 quinquaginta
1270 713 1307 745 et
1334 707 1524 747 ducentos

185 767 347 806 Romani
386 768 582 805 exercitus
621 767 730 804 missi
771 772 901 804 essent
949 766 1046 804 duce
1086 764 1152 803 Cn.
1187 765 1386 818 Scipione,
1425 767 1523 805 Afri·
1546 776 1579 800 ιο

185 827 271 864 cani
302 831 459 877 patruo,
499 837 570 876 per
607 836 728 863 annos
767 824 955 863 ducentos
994 825 1033 862 in
1070 825 1117 862 iis
1156 823 1276 862 multo
1310 830 1524 875 mutuoque

185 886 236 922 ita
269 890 460 923 certatum
493 889 553 922 est
579 884 784 934 sangnine,
821 888 863 921 ut
902 883 1053 920 amissis
1090 881 1223 933 populi
1254 882 1417 920 Romani
1455 884 1524 921 im-

185 941 432 993 peratoribus
465 941 780 992 exercitibusque
809 953 922 991 saepe
950 940 1200 992 contumelia,
1233 953 1525 991 nonnumquam

145 1003 301 1039 3etiam
342 1000 560 1051 periculum
598 1000 770 1038 Romano
809 1000 1022 1037 inferretur
1060 1000 1234 1049 imperio,
1297 998 1381 1037 illae
1421 1001 1525 1038 enim

185 1060 407 1110 provinciae
437 1058 638 1108 Scipiones
666 1063 1011 1107 consumpserunt3
1038 1056 1123 1094 illae
1151 1057 1432 1095 contumelioso
1460 1057 1524 1096 de·
1546 1066 1579 1091 15

187 1129 272 1156 cem
310 1128 501 1155 annorum
547 1115 646 1154 bello
692 1115 764 1154 sub
808 1115 905 1153 duce
945 1114 1117 1152 Viriatho
1161 1116 1327 1153 maiores
1372 1121 1527 1154 nostros

188 1180 467 1226 exercuerunt3
499 1174 585 1213 illae
618 1180 769 1213 terrore
797 1173 1022 1212 Numantini
1054 1172 1143 1211 belli
1175 1173 1363 1224 populum
1389 1173 1526 1212 Roma-

187 1246 281 1273 num
319 1237 622 1284 concusserunt3
661 1233 700 1270 in
737 1231 812 1270 illis
855 1238 968 1282 turpe
1003 1231 1046 1276 Q.
1078 1231 1239 1282 Pompei
1271 1231 1406 1270 foedus
1445 1238 1526 1271 tur-

186 1293 352 1343 piusque
385 1291 553 1330 Mancini
585 1296 743 1329 senatus
770 1302 858 1329 cum
884 1291 1094 1340 ignominia
1127 1290 1249 1328 dediti
1281 1291 1527 1341 imperatoris

187 1349 364 1397 rescidi13
402 1349 465 1387 illa
498 1355 555 1388 tot
591 1349 834 1400 consulares,
873 1354 929 1387 tot
960 1349 1177 1399 praetorios
1211 1347 1426 1399 absumpsit
1457 1349 1526 1387 du-
1547 1357 1582 1383 20

188 1420 270 1460 ces,
302 1413 535 1459 patrumque
569 1412 692 1446 aetate
725 1409 764 1445 in
796 1412 947 1445 tantum
978 1406 1195 1445 Sertorium
1227 1408 1344 1445 armis
1378 1407 1527 1459 extulit,

188 1472 230 1505 ut
273 1478 343 1517 per
388 1467 700 1516 quinquennium
744 1464 949 1503 diiudicari
992 1476 1069 1502 non
1113 1466 1302 1516 potuerit,
1346 1464 1527 1516 Hispanis

189 1525 422 1563 Romanisne
460 1525 499 1562 in
540 1525 657 1562 armis
694 1523 782 1575 plus
820 1530 923 1561 esset
961 1522 1114 1560 roboris
1153 1529 1191 1561 et
1235 1528 1323 1562 uter
1360 1523 1527 1574 populus

147 1592 168 1622 4
190 1583 299 1622 alteri
331 1583 530 1634 pariturus
563 1583 675 1621 foret.
736 1582 805 1620 has
839 1583 958 1632 igitur
989 1582 1208 1632 provincias
1247 1586 1323 1619 tam
1356 1581 1527 1634 diffusas,

190 1648 266 1679 tam
305 1641 539 1693 frequentis,
583 1646 661 1679 tam
698 1640 799 1678 seras
838 1639 883 1677 ad
923 1651 1006 1678 eam
1044 1651 1178 1690 pacem
1223 1639 1359 1678 abhinc
1405 1652 1528 1678 annos
1547 1650 1580 1675 25

190 1700 310 1738 ferme
357 1700 634 1750 quinquaginta
681 1698 863 1750 perduxit
905 1697 1045 1736 Caesar
1083 1698 1300 1750 Augustus,
1343 1703 1385 1736 ut
1430 1710 1527 1748 quae

190 1759 365 1796 maximis
397 1757 509 1795 bellis
548 1768 759 1808 numquam
797 1761 1041 1807 vacaverant,
1080 1768 1147 1794 eae
1184 1755 1256 1795 sub
1289 1755 1329 1794 C.
1362 1757 1528 1794 Antistio

190 1828 233 1854 ae
272 1814 410 1854 deinde
449 1815 489 1853 P.
530 1814 622 1854 Silio
661 1815 786 1867 legato
828 1816 1047 1865 ceterisque
1088 1820 1222 1866 postea
1261 1815 1376 1853 etiam
1413 1814 1528 1854 latro-

190 1875 301 1912 ciniis
335 1880 525 1912 vacarent.
1242 1875 1245 1879 “

189 1985 385 2010 monemus:
412 1975 515 2009 etiam
538 1977 693 2018 pacatae
717 1977 802 2009 sunt
829 1975 1040 2018 provinciae
1073 1976 1146 2008 tam
1171 1973 1235 2008 (liu
1264 1973 1362 2008 bellis
1394 1973 1528 2008 lacera-

189 2025 255 2056 tae.
345 2026 359 2056 1
390 2032 504 2056 annos
529 2022 586 2055 hic
612 2021 695 2057 add.
725 2022 835 2056 Orelli
924 2025 943 2055 3
971 2020 1191 2064 incultisque
1218 2019 1408 2054 Heinsius:
1436 2019 1529 2054 mul-

190 2069 309 2112 tisque
324 2068 399 2102 ΛΡ
470 2072 491 2102 4
518 2078 582 2112 per
607 2067 664 2104 do.
693 2069 770 2111 (sie)
786 2068 819 2101 A
893 2072 912 2101 9
938 2067 1029 2101 belli
1055 2067 1137 2101 add.
1158 2066 1334 2101 Heinsius
1357 2069 1360 2108 1
1384 2077 1479 2102 anno
1495 2067 1529 2101 A

288 2119 329 2149 10
356 2114 543 2149 misissent
567 2115 601 2148 A
694 2119 734 2149 11
764 2113 835 2148 hiis
861 2114 914 2157 A,
941 2114 998 2147 liis
1027 2113 1063 2147 P
1160 2116 1200 2147 12
1227 2124 1310 2157 pop.
1338 2113 1397 2157 R]
1426 2123 1529 2158 prae-

190 2163 248 2196 tor
279 2162 354 2195 Al>
450 2166 491 2196 13
519 2161 630 2195 etiam
655 2171 917 2205 nonnunquam
943 2160 1026 2202 ΑΡ,
1053 2161 1276 2204 transposuit
1303 2159 1471 2195 Gelenius

193 2212 235 2242 15
262 2208 293 2242 X
320 2208 486 2251 Lipsius:
517 2208 594 2242 XX.
622 2207 697 2242 ΑΡ
818 2211 858 2241 19
891 2206 992 2241 dedit
1022 2206 1255 2251 imperatoris
1288 2205 1464 2241 rescindit
1494 2206 1530 2241 A

286 2259 328 2288 22
356 2255 492 2299 pot-erit
519 2255 601 2289 MA
713 2258 756 2291 27
783 2264 847 2290 eae
876 2253 927 2288 P:
952 2253 1021 2287 hae
1048 2255 1082 2287 A
1118 2254 1122 2299 Ι
1156 2252 1316 2289 Antistio
1344 2253 1528 2296 Gelenius:

191 2301 328 2335 Aristio
354 2301 429 2334 ΑΙ)
