1635 2572
164 131 216 172 18
714 129 729 162 I
757 139 785 163 c.
816 133 867 164 17.
897 132 950 163 18.

121 247 140 278 5
163 241 368 279 artissimis
413 245 633 290 temporum
677 236 857 276 claustris
902 237 1190 276 circumdatam.
1252 238 1368 278 hqus
1406 252 1499 291 ergo

161 298 382 337 recedentis
420 299 459 336 in
500 296 681 346 quodque
720 295 919 334 saeculum
957 297 1204 346 ingeniorum
1237 297 1500 337 similitudinis

162 357 513 407 congregantisque
534 366 574 392 se
605 360 643 392 et
675 355 714 392 in
748 353 919 392 studium
951 365 1021 404 par
1053 359 1092 392 et
1123 354 1162 391 in
1196 353 1501 395 emolumentum

162 427 297 453 causas
330 426 418 452 cum
451 424 565 463 saepe
604 414 782 463 requiro,
820 423 1032 462 numquam
1071 413 1243 463 reperio,
1283 424 1377 463 quas
1415 425 1502 452 esse

161 485 271 511 veras
304 470 512 522 confidam,
551 469 619 508 sed
659 471 823 508 sortasse
856 471 937 508 veri
969 469 1133 522 similes,
1170 471 1274 509 inter
1306 482 1401 521 quas
1433 471 1501 510 has

161 532 337 569 maxIme.
395 529 461 568 alit
497 528 701 567 aemulatio
745 529 918 581 ingenia,
963 534 1001 567 et
1044 540 1148 567 nunc
1193 528 1351 584 invidia,
1397 541 1501 568 nunc

121 588 363 638 Gadmiratio
406 589 663 626 imitationem
708 586 901 639 accendit,
946 592 1160 637 naturaque
1206 587 1310 637 quod
1349 599 1501 626 summo

162 646 289 686 studio
328 647 494 698 petitum
533 651 609 697 est,
653 644 827 684 ascendit
864 646 904 683 in
944 657 1138 684 summum
1176 645 1423 697 difficilisque
1461 647 1501 685 in

159 705 336 757 perfecto
382 716 488 742 mora
533 710 609 756 est,
659 703 966 754 naturaliterque
1017 703 1120 753 quod
1164 703 1378 754 procedere
1424 716 1502 743 non

122 772 140 802 7
161 769 307 815 potest,
339 762 499 801 recedit.
549 768 587 800 et
619 768 662 800 ut
692 763 817 812 primo
839 761 884 799 ad
907 761 1202 811 consequendos
1223 774 1321 812 quos
1350 764 1501 813 priores

161 822 340 861 ducimus
379 820 646 872 accendimur,
689 821 741 858 ita
785 819 851 858 uhi
890 825 956 858 aut
994 821 1202 870 praeteriri
1241 826 1307 859 aut
1344 822 1504 871 aequari

161 892 228 919 eos
267 892 380 931 posse
420 879 730 930 desperavimus,
775 878 947 916 studium
987 890 1076 917 cum
1120 890 1187 929 spe
1233 880 1421 930 senescit,
1465 884 1504 918 et

162 938 265 989 quod
298 938 459 988 adsequi
491 949 568 976 non
600 942 745 988 potest,
778 938 889 987 sequi
921 936 1064 975 desinit
1092 942 1129 975 et
1150 936 1255 975 velut
1274 943 1503 988 occupatam

161 997 387 1048 relinquens
419 997 621 1034 materiam
654 997 806 1046 quaerit
837 1007 992 1046 novam,
1030 996 1320 1045 praeteritoque
1359 1007 1423 1047 eo,
1461 997 1502 1034 in

162 1068 238 1106 quo
271 1057 443 1094 eminere
470 1066 549 1092 non
580 1065 806 1105 possumus,
839 1053 1001 1104 aliquid,
1033 1054 1072 1091 in
1093 1065 1169 1103 quo
1192 1054 1377 1105 nitamur,
1410 1065 1500 1092 con-

162 1115 371 1165 quirimus,
416 1114 673 1162 sequiturque
718 1117 761 1150 ut
805 1112 990 1161 frequens
1034 1123 1077 1149 ac
1116 1110 1270 1149 mobilis
1314 1113 1502 1150 transitus

161 1173 371 1211 maximum
403 1171 569 1221 perfecti
601 1171 731 1220 operis
764 1169 1086 1220 impedimentum
1119 1170 1178 1207 sit.

123 1239 140 1268 1
283 1228 347 1269 18.
398 1229 555 1267 Transit
581 1228 783 1266 admiratio
816 1227 863 1265 ab
885 1227 1112 1265 condicione
1146 1233 1366 1278 temporum
1399 1227 1502 1266 etad

162 1287 330 1327 urbium.
381 1299 458 1325 una
495 1286 590 1325 urbs
622 1287 746 1324 Attica
787 1285 966 1336 pluribus
999 1285 1224 1324 auctoribus
1257 1285 1502 1336 eloquentiae

163 1358 279 1397 quam
317 1347 498 1384 universa
531 1344 692 1383 Graecia
729 1343 992 1395 operibusque
1025 1344 1174 1395 ssoruit,
1216 1343 1310 1382 adeo
1343 1350 1386 1382 ut
1418 1356 1501 1383 cor—

162 1416 257 1456 pora
295 1405 420 1455 gentis
459 1403 561 1442 illius
601 1408 775 1453 separata
814 1403 891 1441 sint
923 1403 961 1439 in
995 1401 1086 1439 alias
1120 1402 1311 1454 civitates,
1349 1403 1504 1453 ingenia

122 1471 254 1501 evero
299 1462 390 1500 solis
431 1461 727 1500 Atheniensium
770 1461 892 1499 muris
937 1459 1065 1498 clausa
1110 1461 1318 1499 existimes.
1375 1472 1503 1511 neque

161 1633 279 1678 periet
304 1632 505 1666 eminentia
527 1632 620 1674 MA,
647 1630 807 1676 reperiet
826 1631 863 1666 et
888 1630 1124 1666 eminentiam
1146 1630 1182 1665 P
1205 1632 1246 1674 (r,
1268 1630 1501 1667 eminentia..

163 1679 391 1714 circumdata
416 1678 576 1723 Rulenlc.)

257 1730 277 1760 2
304 1725 520 1760 resedentis
546 1727 592 1767 A,
619 1723 823 1759 secedentis
850 1723 998 1768 Sauppe
1023 1723 1363 1768 (praecedentisque
1389 1723 1505 1758 seculi

166 1772 212 1815 P)
236 1774 241 1816 Ι
263 1772 300 1806 in
325 1772 494 1815 quodque
521 1771 684 1815 Sauppe:
717 1783 789 1814 mq.
811 1772 854 1813 (2³)
882 1771 940 1812 M,
965 1771 1039 1814 inq.
1066 1773 1111 1813 A,
1138 1770 1176 1804 in
1203 1782 1307 1804 snum
1333 1770 1503 1814 quodque

166 1820 333 1864 IlIctclce‘y,
360 1819 456 1852 intra
482 1818 623 1861 Haase,
648 1818 688 1852 in
713 1817 898 1861 quoddam
925 1817 1035 1860 Jcmzss,
1067 1817 1105 1851 in
1130 1829 1242 1851 unum
1268 1817 1373 1861 quasi
1401 1817 1503 1851 Peri-

163 1867 289 1900 zonius
326 1865 549 1908 (excedentis
584 1875 784 1908 numquam
819 1864 996 1907 Laurent)
1025 1867 1029 1906 Ι
1059 1863 1317 1898 similitudines
1353 1874 1502 1908 congre-

164 1914 328 1957 gantesq.
357 1912 439 1945 MA
537 1916 556 1945 3
584 1913 619 1946 et
645 1911 972 1945 memolumentum
994 1913 1038 1953 (P)
1067 1911 1124 1952 M,
1151 1913 1187 1944 et
1212 1911 1248 1943 in
1274 1910 1370 1944 idem
1397 1910 1503 1944 moli-

163 1962 328 1993 mentum
354 1958 555 1992 »Salmasius
650 1962 672 1992 4
698 1968 804 2002 saepe
827 1958 999 2001 Madciy:
1028 1967 1171 2001 semper
1189 1957 1273 1998 ΑΡ,
1299 1957 1343 1999 cf.
1364 1960 1394 1998 1,
1412 1961 1500 1999 16,1

165 2011 184 2041 6
211 2005 350 2039 inuidia
376 2005 413 2038 et
437 2015 532 2038 nunc
558 2005 593 2038 A
692 2008 709 2038 7
736 2004 989 2039 incitationem
1012 2004 1094 2046 ΛΡ,
1121 2014 1180 2038 em.
1202 2003 1395 2037 Acidalius
1411 2004 1502 2047 [ma-

163 2054 316 2096 tureque
343 2052 434 2085 idem
564 2054 607 2084 10
633 2062 704 2094 quo
730 2051 869 2095 priores
896 2051 1062 2085 ducimur
1088 2050 1123 2084 A
1246 2053 1286 2083 12
1314 2051 1351 2083 et
1375 2060 1439 2083 om.
1467 2051 1502 2084 A

167 2104 209 2133 15
237 2098 337 2133 aliud
366 2098 605 2139 Perizonius}
635 2098 838 2132 eniteamus
866 2098 1056 2139 Heinsius,
1088 2097 1269 2130 niteamus
1295 2097 1362 2130 alii

168 2152 209 2180 15
237 2146 283 2180 ad
305 2145 555 2179 condicionem
577 2144 662 2187 ΑΙ),
687 2156 746 2178 cm.
770 2145 903 2188 ›Scheylc
1001 2148 1042 2178 19
1068 2142 1258 2187 *pluribus
1285 2142 1389 2177 annis
1410 2143 1503 2184 AF,-

167 2195 335 2227 auctores
361 2191 592 2235 eloquentiae
625 2192 706 2225 item
733 2192 862 2235 quitur
889 2192 927 2224 in
955 2189 1037 2224 Tac.
1066 2191 1163 2223 Ann.
1192 2194 1224 2231 ⁵2,
1251 2193 1315 2231 S3;
1351 2190 1503 2234 reliquo-

165 2250 245 2273 rum
285 2240 492 2273 criticorum
526 2241 675 2272 conatus
709 2238 928 2272 enumeravit
965 2236 1133 2270 Kritzius
1163 2247 1203 2280 p.
1238 2240 1279 2271 79
1312 2248 1359 2281 sq.

166 2291 208 2320 21
239 2297 364 2330 sparsa
391 2285 463 2319 sint
488 2284 631 2320 Rama.
658 2287 660 2326 Ι
686 2285 759 2318 sint
783 2285 908 2319 delerit
934 2282 1065 2319 Gruter

1523 772 1556 797 10

1523 1063 1556 1088 15

1523 1354 1557 1380 20
