1635 2572
175 106 228 145 74
824 102 856 136 II

173 221 293 254 staret
331 214 555 264 eoncordia,
594 224 663 250 nee
703 210 818 249 ullam
856 209 946 248 belli
986 209 1108 249 civilis
1146 209 1391 260 praebituros
1430 221 1505 248 ma-

173 275 327 324 teriam,
372 273 581 323 plurimum
627 269 700 307 sibi
744 268 902 306 honoris
941 280 1025 306 esse
1065 270 1103 306 in
1142 269 1377 306 conscientia
1417 269 1507 306 sacti

173 334 250 382 sui,
283 331 446 382 profecti
481 328 576 367 urbe
609 334 723 377 atque
745 327 869 378 ltalia,
902 328 1050 364 intento
1075 338 1117 364 ae
1149 327 1233 377 pari
1265 328 1391 364 animo
1424 327 1507 364 sine

173 391 402 428 auctoritate
447 386 600 437 publiea
644 387 862 437 provincias
907 386 1180 435 exercitusque
1225 390 1509 435 occupaverant

173 455 227 498 et,
261 447 496 495 ubicumque
517 445 591 495 ipsi
621 449 769 494 essent,
801 448 1072 494 praetexentes
1093 455 1179 481 esse
1199 455 1283 481 rem
1303 441 1509 494 publicam,
1529 452 1545 477 5

172 506 358 556 pecunias
397 505 529 554 etiam,
572 514 669 553 quae
709 514 755 540 ex
794 502 1062 539 transmarinis
1100 502 1311 552 provinciis
1349 500 1510 539 Romam

173 563 219 601 ab
259 561 531 613 quaestoribus
573 560 896 612 deportabantur,
941 571 960 597 a
1004 559 1223 598 volentibus
1267 565 1509 610 acceperant.

131 629 271 672 4quae
317 622 445 659 onmia
488 626 646 658 senatus
690 619 858 657 decretis
903 630 1132 669 comprensa
1176 624 1213 656 et
1262 617 1510 669 comprobata

174 685 266 718 sunt
297 685 335 718 et
367 679 408 717 l).
435 678 574 730 Brute,
613 677 715 728 quod
753 677 877 715 alieno
911 675 1098 714 beneficio
1131 678 1294 728 viveret,
1327 676 1510 714 decretus

174 737 414 788 triumphus,
453 737 599 774 Pansae
632 742 747 786 atque
781 735 896 773 llirtii
929 747 1092 786 corpora
1125 734 1278 785 publica
1311 734 1511 785 sepultura
1533 743 1565 768 10

133 797 379 848 olionorata,
424 795 598 833 Caesaris
637 794 731 832 adeo
771 793 875 831 nulla
919 792 1046 831 habita
1091 795 1255 845 mentio,
1299 798 1342 831 ut
1386 792 1512 843 legati,

176 857 241 905 qui
279 855 324 892 ad
364 855 578 892 exereitum
618 854 702 891 eius
740 853 848 890 missi
886 857 1012 903 erant,
1053 850 1285 890 iuberentur
1317 857 1512 889 summoto

175 925 220 951 eo
253 913 394 951 milites
427 912 592 962 adloqui.
644 923 720 949 non
754 911 825 948 suit
858 916 935 948 tam
956 912 1130 960 ingratus
1151 911 1364 961 exercitus,
1397 920 1513 959 quam

175 972 302 1010 suerat
334 977 508 1009 senatus:
541 982 628 1008 nam
656 981 744 1007 eum
766 980 850 1006 eam
870 969 1051 1006 iniuriam
1072 967 1350 1006 dissimulando
1372 966 1513 1006 Caesar

175 1031 257 1080 ipse
291 1030 427 1079 ferret,
470 1040 659 1077 negavere
701 1027 843 1064 milites
875 1028 958 1064 sine
990 1028 1225 1076 imperatore
1258 1038 1328 1064 suo
1362 1025 1438 1063 ulla
1471 1037 1511 1064 se
1534 1035 1566 1060 15

134 1096 154 1126 6
176 1088 377 1126 audituros
410 1086 598 1124 mandata.
649 1085 723 1123 hoe
756 1090 814 1122 est
845 1084 939 1122 illud
973 1091 1144 1135 tempuS,
1177 1095 1254 1134 quo
1288 1083 1424 1122 Cicero
1458 1085 1513 1122 in-

176 1148 249 1185 sito
288 1157 416 1183 amore
455 1144 779 1194 Pompeianarum
822 1143 991 1193 partium
1030 1141 1235 1180 Caesarem
1279 1141 1514 1180 laudandum

176 1210 214 1242 et
259 1203 472 1242 tollendum
516 1201 716 1253 censebat,
767 1213 855 1239 eum
900 1200 1002 1238 aliud
1047 1200 1211 1252 diceret,
1256 1199 1359 1239 aliud
1402 1200 1512 1239 intel-

175 1263 250 1313 legi
283 1262 406 1300 vellet.

137 1330 154 1359 1
295 1318 361 1358 63.
412 1319 571 1357 Interim
592 1319 782 1356 Antonius
815 1318 903 1367 suga
933 1323 1202 1367 transgressus
1222 1316 1357 1368 Alpes,
1389 1319 1513 1368 primo
1535 1327 1568 1351 20

176 1391 246 1430 per
279 1378 483 1428 conloquia
516 1376 697 1427 repulsus
717 1389 737 1413 a
758 1376 804 1413 Μ.
826 1374 988 1426 Lepido,
1021 1376 1087 1425 qui
1119 1375 1293 1425 pontifex
1324 1377 1514 1414 maximus

176 1439 215 1475 in
249 1436 288 1475 C.
322 1436 497 1475 Caesaris
537 1435 664 1472 locum
707 1435 810 1472 furto
849 1439 1004 1471 creatus
1036 1432 1193 1471 decreta
1226 1432 1298 1471 sibi
1331 1433 1514 1484 Hispania

177 1495 302 1534 adbuc
341 1497 380 1533 in
419 1493 535 1532 Gallia
576 1492 816 1544 morabatur,
860 1503 948 1530 mox
989 1493 1143 1542 saepius
1182 1493 1221 1529 in
1260 1498 1514 1542 conspectum

176 1555 340 1595 veniens*
369 1552 534 1590 militum
568 1547 675 1603 (eum
709 1556 747 1589 et
767 1550 912 1601 Lepido
945 1561 1079 1588 omnes
1109 1551 1365 1600 imperatores
1386 1550 1515 1588 forent

179 1612 359 1650 meliores
393 1616 431 1649 et
456 1610 588 1648 multis
609 1610 817 1660 Antonius,
850 1608 942 1646 (lum
962 1614 1045 1646 erat
1065 1603 1258 1659 sobrius),
1290 1620 1361 1659 per
1381 1620 1515 1647 aversa
1535 1617 1569 1643 25

179 1676 396 1708 castrorum
446 1675 608 1719 proruto
654 1667 750 1706 vallo
794 1679 814 1705 a
859 1665 1045 1704 militibus
1090 1673 1272 1716 receptus
1316 1673 1392 1705 est:
1449 1668 1515 1718 qui

178 1728 291 1767 titulo
325 1728 477 1777 imperii
510 1726 671 1765 cedebat
703 1725 865 1777 Lepido,
905 1736 993 1763 eum
1030 1736 1179 1762 summa
1218 1726 1356 1763 virium
1395 1737 1516 1776 penes

137 1795 268 1825 aeum
314 1787 423 1823 soret.
493 1784 564 1823 sub
604 1785 759 1823 Antonii
803 1785 1023 1834 ingressum
1067 1784 1107 1820 iu
1153 1788 1277 1820 castra
1316 1783 1515 1821 luventius

179 1844 418 1894 Laterensis,
451 1845 507 1881 vir
528 1845 602 1881 vita
635 1855 677 1881 ae
711 1848 835 1881 morte
869 1847 1173 1892 consentaneus,
1206 1853 1294 1879 cum
1327 1843 1514 1879 acerrime

180 1904 367 1941 suasisset
400 1901 562 1952 Lepido,
602 1913 648 1939 ne
688 1913 728 1939 se
768 1912 857 1938 eum
889 1900 1055 1938 Antonio
1087 1899 1197 1936 hoste
1230 1898 1398 1937 iudicato
1431 1901 1514 1938 iun-
1535 1907 1569 1934 80

140 1968 306 2012 3geret,
351 1961 491 1998 inritus
531 1959 680 1997 consilii
719 1958 843 2010 gladio
882 1970 921 1996 se
960 1959 1041 2008 ipse
1082 1957 1282 1995 transfixit.
1350 1956 1516 1996 Plancus

274 2125 294 2155 3
322 2131 364 2154 ae
390 2121 519 2164 parato
545 2119 711 2153 Burman
799 2121 817 2151 7
844 2116 1077 2152 auolantibus
1103 2116 1138 2149 A
1221 2119 1240 2150 9
1267 2115 1326 2161 D.]
1349 2116 1461 2151 Decio
1481 2117 1517 2151 A

254 2171 295 2201 14
323 2166 482 2201 *Caesar
508 2167 603 2210 ipse:
645 2165 791 2199 Caesari
816 2164 900 2205 ΑΙ),
928 2162 1060 2197 Caesar
1087 2173 1115 2196 r.
1263 2165 1304 2196 18
1331 2162 1425 2196 aliut
1451 2191 1456 2197 .
1481 2191 1487 2198 .
1508 2191 1515 2198 .

181 2213 273 2247 aliut
299 2214 332 2246 A
431 2217 471 2246 ⁶21
501 2213 562 2255 qui
589 2214 688 2256 pont.
718 2222 809 2245 max.
838 2222 902 2244 om.
930 2211 962 2243 A
1049 2212 1092 2242 ⁴25
1119 2219 1285 2243 auersam
1313 2212 1518 2254 castrorum

182 2261 331 2305 proruta
358 2259 440 2294 ΑΙ),
468 2270 528 2292 em.
557 2259 725 2292 Gelenius
822 2261 865 2290 2ss
892 2267 913 2290 a
939 2256 1022 2290 add.
1050 2255 1225 2290 Heinsius
