1635 2572
178 140 232 181 88
832 137 864 171 11

178 249 405 302 pretabatur
426 246 668 296 audebatque
690 245 920 284 denuntiare
943 244 1115 296 Caesari,
1148 245 1355 284 excederet
1375 244 1513 284 Sicilia.

137 318 156 347 :3
178 321 254 347 non
288 308 334 346 ab
369 304 617 356 Scipionibus
650 303 811 354 aliisque
846 303 1043 342 veteribus
1075 302 1338 342 Romanorum
1371 303 1514 342 ducum

178 366 388 417 quidquam
422 374 560 402 ausum
580 367 852 413 patratumque
887 361 1027 399 fortius
1048 372 1164 411 quam
1185 367 1277 399 tunc
1298 372 1318 399 a
1339 360 1512 400 Caesare.

179 427 320 475 quippe
355 433 444 461 cum
483 422 643 459 inermis
683 426 721 458 et
759 419 979 458 lacernatus
1018 425 1139 470 esset,
1179 425 1336 470 praeter
1375 430 1515 458 nomen

179 482 272 520 nihil
307 480 482 531 trahens,
521 481 723 529 ingressus
755 483 881 516 castra
913 477 1064 528 Lepidi,
1099 479 1250 516 evitatis
1283 479 1385 528 telis,
1417 488 1514 527 quae
1535 484 1551 511 5

178 542 287 578 iussu
320 539 488 576 hominis
519 538 739 588 pravissimi
770 538 810 574 in
843 548 931 574 eum
965 537 1062 574 iacta
1083 542 1210 587 erant,
1244 548 1332 574 cum
1364 535 1518 574 lacerna

178 600 263 637 eius
295 598 492 648 perforata
525 601 629 634 esset
659 595 809 646 lancea,
841 594 1007 645 aquilam
1039 593 1202 644 legionis
1230 605 1366 645 rapere
1400 604 1518 632 ausus

137 666 158 695 ιι
179 662 249 696 est.
313 657 451 707 scires,
485 654 578 705 quid
609 655 820 692 interesset
851 654 952 691 inter
985 652 1122 691 duces:
1167 654 1303 690 armati
1328 653 1518 690 inermem

179 716 305 754 secuti
344 719 435 752 sunt
474 713 704 762 decimoque
747 723 846 750 anno
879 722 993 761 quam
1027 710 1072 749 ad
1105 709 1411 761 indignissimam
1443 711 1519 748 vita

180 786 249 812 sua
293 773 506 824 potentiam
550 776 799 822 pervenerat,
843 768 1012 819 Lepidus
1057 775 1096 807 et
1133 781 1153 806 a
1191 768 1378 807 militibus
1420 774 1459 806 et
1497 775 1572 805 a1⁰
1630 761 1635 774 ¹

180 832 336 870 fortuna
375 831 555 869 desertus
595 829 778 880 pulloque
812 827 960 866 velatus
999 826 1164 865 amiculo
1204 828 1306 865 inter
1346 826 1520 865 ultimam

181 890 462 928 confluentium
495 888 540 926 ad
562 886 767 925 Caesarem
799 885 952 925 turbam
985 885 1109 923 latens
1142 884 1306 935 genibus
1338 886 1423 923 eius
1455 883 1520 922 ad-

180 948 335 987 volutus
369 953 439 986 est.
490 948 565 984 vita
597 957 808 995 rerumque
842 955 1002 982 suarum
1032 943 1245 981 dominium
1267 954 1452 982 concessa
1485 943 1521 981 ei

182 1013 289 1059 sunt,
322 1005 500 1056 spoliata,
534 1016 648 1054 quam
682 1005 784 1042 tueri
817 1014 893 1040 non
926 1008 1096 1052 poterat,
1129 1001 1306 1052 dignitas.

142 1074 158 1104 1
300 1062 366 1103 81.
419 1062 554 1101 Subita
587 1061 725 1099 deinde
759 1062 954 1098 exercitus
987 1060 1144 1110 seditio,
1183 1061 1249 1109 qui
1289 1058 1520 1110 plerumque
1542 1068 1574 1093 1⁵

183 1121 467 1172 contemplatus
507 1121 766 1170 frequentiam
805 1129 915 1157 suam
953 1129 972 1156 a
1014 1117 1216 1168 disciplina
1253 1117 1435 1156 desciscit
1473 1122 1523 1168 et,

183 1181 285 1232 quod
320 1192 458 1230 cogere
492 1191 532 1217 se
565 1183 675 1229 putat
707 1188 839 1228 posse,
878 1188 1016 1227 rogare
1049 1188 1127 1214 non
1160 1176 1342 1227 sustinet,
1381 1176 1523 1226 partim

142 1249 162 1278 2
183 1240 408 1289 severitate,
440 1238 580 1288 partim
600 1235 829 1274 liberalitate
851 1234 1026 1273 discussa
1045 1235 1251 1285 principis,
1284 1235 1522 1284 speciosum-

184 1310 258 1348 que
298 1309 368 1348 per
405 1295 509 1334 idem
547 1301 700 1345 tempus
733 1293 926 1332 adiectum
959 1292 1274 1343 supplementum
1307 1291 1521 1342 Campanae

185 1353 437 1394 coloniae**
471 1355 555 1392 eius
588 1352 714 1390 relicti
735 1357 845 1390 erant
876 1350 1038 1402 publici:
1089 1362 1159 1401 pro
1192 1350 1252 1389 his
1284 1349 1396 1401 longe
1427 1349 1522 1388 ube-
1542 1359 1576 1384 20

184 1416 309 1452 riores
338 1412 488 1451 reditus
508 1411 718 1450 duodecies
751 1411 975 1448 sestertium
1007 1410 1046 1447 in
1079 1408 1193 1447 Creta
1224 1407 1349 1447 insula
1382 1407 1523 1446 redditi

185 1477 223 1510 et
256 1483 353 1522 aqua
384 1472 592 1522 promissa,
632 1480 729 1519 quae
762 1465 954 1518 hodieque
988 1467 1182 1517 singulare
1215 1472 1254 1505 et
1285 1465 1523 1505 salubritatis

144 1540 163 1570 3
185 1532 491 1569 instrumentum
541 1533 580 1566 et
626 1527 869 1565 amoenitatis
913 1531 1186 1564 ornamentum
1228 1529 1298 1564 est.
1370 1525 1522 1574 insigne

281 1694 300 1723 2
328 1689 457 1723 aliisue
486 1686 598 1722 Orelli
699 1688 720 1720 5
746 1684 830 1720 telis
855 1685 1033 1729 supplevit
1058 1684 1150 1718 idem
1255 1688 1275 1719 6
1300 1683 1338 1718 in
1363 1694 1447 1717 eum
1471 1683 1524 1717 A:

186 1736 262 1770 ’tela
293 1736 329 1768 in
356 1746 440 1769 eum
474 1733 534 1777 ΡΙ
559 1734 642 1768 acta.
666 1731 743 1766 ΑΡ
884 1735 904 1766 9
936 1731 1229 1775 indignissimam
1254 1730 1449 1765 Ruhnken:
1487 1730 1526 1764 in

187 1782 474 1816 dissimillimam
499 1780 577 1814 ΑΡ
696 1783 738 1813 14
762 1778 859 1813 tueri
887 1778 935 1812 P:
962 1778 1095 1811 intueri
1123 1777 1205 1810 MA
1323 1781 1364 1811 15
1392 1776 1526 1811 Secuta

187 1830 423 1863 Bonam-nius
509 1831 552 1861 19
578 1826 677 1861 idem
702 1826 754 1860 A:
780 1825 818 1859 id
846 1824 882 1858 P
964 1828 1008 1859 20
1035 1823 1217 1868 coloniae]
1243 1824 1527 1867 supplementum

189 1877 341 1910 lammae
369 1875 560 1918 petendum
592 1884 634 1908 ex
666 1872 800 1906 Dionis
833 1871 950 1906 Cassii
982 1872 1002 1905 Ι.
1030 1875 1085 1913 49,
1115 1874 1173 1905 14:
1230 1865 1325 1904 οὕτω
1358 1869 1426 1914 μὲν
1457 1863 1526 1904 οὖν

188 1920 271 1957 τότε
300 1919 385 1960 τούς
413 1917 636 1964 στρατιώτας
662 1918 872 1962 κατέστησε·
924 1917 985 1952 καὶ
1021 1915 1060 1952 τὸ
1088 1916 1156 1960 μὲν
1188 1913 1367 1960 ἀργύριον
1399 1912 1527 1956 αὐτοῖς

190 1966 342 2010 αὐτίκα,
383 1965 449 2011 τὴν
483 1967 523 2002 δὲ
551 1964 675 2010 χώραν
708 1962 750 2000 οὖ
787 1965 904 2011 πολλῷ
931 1960 1088 2007 ὕστερον
1123 1962 1248 1998 ἔδωκε.
1300 1959 1428 2004 ἐπειδὴ
1457 1959 1526 2006 γὰρ

190 2013 259 2050 οὐκ
288 2012 486 2058 ἐξήρκεσεν
512 2010 534 2057 ἡ
565 2011 604 2047 ἐν
630 2013 677 2047 τῶ
705 2012 867 2057 δημοσίῳ
896 2010 945 2046 ἔτι
975 2007 1055 2045 τότε
1090 2004 1201 2051 οὖσα,
1237 2010 1527 2052 προσεξεπριάτο

190 2060 304 2105 ἄλλην
331 2074 366 2096 τε
390 2062 453 2095 καὶ
478 2058 579 2103 παρὰ
607 2060 678 2094 τῶν
699 2058 914 2104 Καμπανῶν
940 2058 1012 2092 τῶν
1035 2053 1074 2091 ἕν
1095 2057 1137 2101 τῇ
1159 2053 1296 2101 Καπύῃ
1323 2052 1527 2090 οἰκούντων

192 2107 340 2153 συχνήν·
392 2107 455 2142 καὶ
489 2105 558 2151 γὰρ
591 2104 750 2141 ἐποίκων
782 2102 803 2149 ἡ
837 2102 940 2144 πόλις
972 2103 1112 2137 πολλῶν
1147 2100 1266 2137 ἐδεῖτο
1291 2106 1352 2137 etc.
1403 2102 1528 2137 ,Haase

191 2156 384 2199 supplevit:
424 2154 587 2189 concessi
619 2154 716 2187 enim
748 2151 930 2187 veteranis
963 2150 1058 2193 agri,
1093 2150 1155 2193 qui
1188 2148 1327 2183 civibus
1361 2148 1527 2183 coloniae

192 2203 268 2236 eius
295 2201 415 2235 relicti
442 2213 471 2235 e.
498 2200 653 2245 publici3
681 2201 754 2243 ipsc
781 2199 917 2232 malim:
944 2197 1126 2231 veteranis
1154 2196 1189 2229 in
1216 2207 1323 2239 agros
1350 2195 1527 2238 deductis,

191 2250 252 2292 qui
280 2249 446 2283 coloniae
474 2248 549 2282 eius
577 2260 601 2282 r.
630 2257 659 2281 e.
687 2245 835 2290 publici.
982 2248 1024 2278 22
1054 2242 1233 2288 permissa
1258 2242 1435 2277 Heinsius

192 2302 234 2329 23
264 2296 543 2328 instrumentum
571 2294 740 2328 Gladius:
768 2292 883 2326 instar
907 2289 972 2324 ΑΡ
