1635 2572
208 146 289 186 112
854 145 886 180 ll

204 257 308 294 cives
331 255 510 307 Romani,
543 255 725 293 trucidati
751 257 1030 306 negotiatores,
1063 266 1225 305 magnus
1253 255 1540 294 vexillariorum

204 325 392 352 numerus
425 314 470 352 ad
503 314 810 351 internecionem
844 325 887 351 ea
918 315 957 351 in
990 314 1166 364 regione,
1198 324 1295 362 quae
1329 312 1540 363 plurimum

204 371 250 410 ab
284 374 515 423 imperatore
554 370 703 422 aberat,
741 382 895 421 caesus,
934 377 1120 421 occupata
1158 372 1275 408 armis
1306 370 1540 423 Macedonia,

204 432 331 468 omnia
369 435 408 468 et
445 431 484 467 in
523 428 704 467 omnibus
742 428 836 467 locis
877 430 957 479 igni
996 429 1177 479 ferroque
1219 434 1373 467 vastata.
1446 431 1539 480 quin

204 490 319 525 etiam
351 492 480 525 tantus
513 486 629 525 huius
661 486 751 525 belli
783 493 910 525 metus
942 487 1032 537 fuit,
1073 492 1113 525 ut
1146 485 1322 525 stabilem
1363 486 1472 525 illum
1502 492 1541 526 et
1560 495 1576 520 5

203 545 398 583 firmatum
431 551 627 584 tantorum
669 544 859 583 bellorum
896 545 1135 596 experientia
1167 544 1342 583 Caesaris
1375 546 1541 596 Augusti

203 605 374 642 animum
407 609 584 654 quateret
616 609 731 654 atque
764 609 943 642 terreret.
1336 630 1342 637 .

165 658 180 686 1
323 659 415 700 111.
483 660 612 700 Habiti
655 663 785 712 itaque
829 661 1010 709 dilectus,
1061 662 1230 699 revocati
1279 660 1450 711 undique
1501 667 1541 700 et

202 731 338 758 omnes
369 722 559 771 veterani,
598 721 669 758 viri
706 720 949 770 feminaeque
989 731 1034 757 ex
1067 730 1187 757 censu
1220 718 1444 757 libertinum
1477 731 1538 757 co-

202 783 309 817 actae
341 777 432 816 dare
466 777 636 817 militem.
699 777 828 816 audita
866 779 904 816 in
944 783 1079 816 senatu
1118 789 1189 815 vox
1227 779 1433 828 principis,
1474 777 1537 816 de·
1561 786 1592 810 1⁰

202 837 301 874 cimo
346 835 425 887 die,
471 838 510 875 ni
548 842 768 888 caveretur,
812 847 926 887 posse
965 835 1118 873 hostem
1161 837 1200 873 in
1244 834 1353 873 urbis
1394 834 1537 874 Romae

202 895 333 933 venire
375 900 640 945 conspectum.
708 900 931 933 senatorum
977 895 1230 944 equitumque
1275 892 1539 932 Romanorum

161 947 181 978 2
203 958 357 991 exactae
396 952 442 990 ad
475 952 512 991 id
550 952 695 991 bellum
734 964 892 1004 operae:
926 957 1109 1001 prompte
1140 951 1352 1002 pollicitati.
1410 952 1538 990 omnia

201 1010 295 1049 haec
329 1011 472 1049 frustra
505 1022 863 1062 pt·aepa1‘assemuS‚
904 1012 979 1048 nisi
1011 1011 1077 1060 qui
1109 1009 1168 1047 illa
1203 1015 1357 1060 regeret
1389 1010 1538 1048 suisset.

201 1070 331 1118 itaque
363 1074 405 1107 ut
438 1068 674 1119 praesidium
700 1069 880 1107 ultimum
913 1080 975 1106 res
1001 1067 1154 1118 publica
1188 1066 1234 1105 ab
1260 1068 1435 1118 Augusto
1468 1067 1536 1106 du-
1559 1075 1590 1101 1⁵

160 1133 179 1164 3
202 1137 285 1164 cem
317 1128 356 1164 in
389 1125 534 1164 bellum
565 1128 743 1177 poposcit
774 1125 986 1165 Tiberium.
1040 1124 1173 1163 habuit.
1204 1127 1244 1163 in
1275 1125 1348 1164 hoc
1382 1137 1537 1176 quoque

200 1183 300 1222 bello
333 1184 580 1223 mediocritas
613 1190 745 1224 nostra
782 1185 950 1236 speciosi
987 1185 1193 1222 ministerii
1231 1183 1369 1222 locum.
1431 1184 1538 1223 finita

200 1244 374 1293 equestri
403 1242 537 1281 militia
564 1242 788 1294 designatus
815 1248 998 1293 quaestor
1024 1242 1188 1280 necdum
1216 1248 1372 1281 senator
1398 1253 1536 1293 aequa—

199 1306 263 1339 tus
302 1300 565 1352 senatoribus,
604 1303 718 1339 etiam
757 1301 966 1351 designatis
1004 1299 1171 1338 tribunis
1203 1299 1347 1351 plebei,
1385 1307 1536 1351 partem

201 1360 396 1397 exercitus
435 1357 481 1397 ab
519 1357 615 1397 urbe
656 1359 786 1397 traditi
823 1358 869 1397 ab
907 1359 1081 1409 Augusto
1125 1358 1290 1409 perduxi
1328 1358 1373 1396 ad
1415 1358 1536 1397 filium
1555 1366 1588 1392 20

159 1424 180 1454 4
202 1418 294 1455 eius.
357 1419 396 1455 in
429 1423 637 1467 quaestura
671 1417 808 1456 deinde
842 1419 1004 1456 remissa
1042 1422 1146 1455 sorte
1182 1418 1402 1467 provinciae
1435 1415 1535 1468 lega-

199 1480 262 1513 tus
289 1475 463 1513 eiusdem
489 1475 534 1513 ad
562 1475 729 1514 eundem
754 1477 896 1514 missus
923 1487 1019 1514 sum.
1058 1486 1154 1525 quas
1186 1487 1256 1513 nos
1283 1476 1407 1526 primo
1434 1486 1534 1513 auno

200 1534 301 1571 acies
334 1533 504 1572 hostium
531 1533 713 1572 vidimus!
747 1535 901 1584 quantis
932 1533 1139 1584 prudentia
1171 1533 1280 1572 ducis
1307 1534 1532 1584 opportuni-

200 1591 344 1630 tatibus
365 1592 553 1630 ·sruentes
586 1603 722 1631 eorum
754 1593 856 1630 vires
888 1593 1089 1630 universas
1122 1591 1326 1642 clusimus,
1355 1591 1534 1639 fudt'mus

293 1695 312 1726 2
345 1692 626 1727 internetionem
658 1692 733 1727 ΑΡ
762 1693 856 1736 (item
888 1692 994 1736 alias)
1115 1696 1136 1726 4
1167 1693 1256 1735 quin
1291 1691 1532 1727 Vascosanus·

198 1739 285 1782 quia
305 1738 380 1772 ΑΡ
468 1743 487 1773 5
507 1739 618 1774 etiam
637 1740 762 1774 tantus
776 1740 826 1774 A:
847 1741 871 1773 t.
894 1739 1005 1774 etiam
1027 1739 1062 1773 P
1146 1743 1165 1773 6
1192 1739 1375 1772 firmatum
1396 1738 1533 1773 Burer:

198 1785 396 1819 formatum
419 1786 512 1827 MA,
538 1786 764 1821 fortunatum
781 1786 816 1820 P
886 1789 906 1820 8
927 1786 1131 1820 dilectusA
1141 1800 1148 1819 ε
1169 1785 1332 1819 delectus
1346 1786 1380 1819 A
1402 1787 1407 1829 Ι
1429 1795 1532 1820 reuo-

199 1833 302 1866 catus
318 1832 400 1874 111²,
422 1833 565 1867 evocati
585 1834 727 1868 Acidal.
749 1836 830 1868 atv
850 1832 933 1868 Tae.
949 1833 1044 1867 Hist.
1061 1836 1091 1874 2,
1106 1834 1149 1866 82
1173 1834 1177 1875 Ι
1201 1833 1238 1866 et
1250 1842 1314 1866 om.
1330 1831 1499 1867 Gelenius

199 1882 219 1911 9
241 1879 359 1912 coacti
381 1878 532 1914 C'Inclz'us
606 1884 648 1914 10
668 1880 827 1914 militum
849 1880 925 1914 ΑΡ
945 1883 948 1921 Ι
971 1879 1097 1914 audita
1123 1906 1130 1913 .
1158 1907 1165 1914 .
1192 1877 1389 1923 pollicitati
1409 1879 1534 1923 posuit

199 1925 323 1959 Haase
337 1929 419 1968 post
439 1927 593 1960 terreret
608 1937 638 1960 v.
656 1930 673 1960 7
738 1931 779 1961 13
794 1928 963 1971 prompte
981 1926 1144 1969 supplevi
1152 1939 1163 1967 ‚·
1182 1924 1379 1970 pollicitati
1399 1925 1532 1960 omm'a.

198 1971 290 2006 haec
306 1972 498 2016 Hotlinyer
568 1977 608 2007 15
629 1973 800 2007 ultimum
815 1973 980 2016 Lipsius:
1002 1973 1159 2006 militum
1175 1971 1250 2006 AP
1315 1975 1356 2005 17
1378 1971 1534 2006 ministri

198 2018 283 2060 ΑΡ,
308 2030 368 2053 cm.
390 2019 540 2062 Lipsius
626 2024 667 2054 19
695 2021 733 2054 et
756 2020 828 2054 iam
856 2020 1023 2055 Gelenius
1106 2023 1150 2053 20
1181 2017 1308 2052 traditi
1340 2018 1386 2052 ab
1411 2019 1452 2053 A.
1486 2017 1533 2053 ab

198 2065 285 2099 urbe
312 2065 486 2110 Kreyssiy
520 2066 524 2108 Ι
559 2066 729 2110 perduxit
754 2067 829 2100 ΑΡ
928 2070 971 2101 22
998 2065 1155 2100 *missus
1181 2076 1275 2099 sum:
1309 2064 1460 2099 missum
1485 2065 1532 2107 A,

198 2112 328 2145 missus
352 2112 386 2146 P
457 2116 500 2147 23
522 2112 623 2147 ducis
643 2114 695 2147 usi
717 2124 748 2148 o.
770 2113 945 2148 Heinsius
1017 2116 1061 2146 24
1082 2112 1242 2146 fruentes
1265 2110 1390 2145 Orelli:
1412 2111 1531 2146 furen-

196 2158 265 2193 teis
293 2158 415 2193 MAP
445 2161 450 2202 Ι
479 2169 602 2194 eorum
632 2160 730 2194 MA:
757 2160 794 2193 in
819 2170 901 2194 eum
930 2159 965 2193 P
990 2162 995 2201 1
1024 2158 1197 2193 elusimus
1223 2167 1344 2193 censor
1369 2158 1409 2192 in
1433 2157 1531 2193 Bibl.

527 2207 603 2240 eills
630 2218 723 2241 lmus

190 2251 486 2294 ph1101.1,42:
527 2264 611 2287 eua
608 2254 710 2287 imus
741 2254 793 2295 A,
832 2252 1013 2287 euasiinus
1052 2251 1087 2286 P
1119 2253 1123 2294 Ι
1158 2250 1317 2286 fudimus
1354 2250 1532 2296 supplevit

196 2297 337 2339 Iluasc;
364 2299 519 2343 ocl1quo1
524 2311 578 2334 um
607 2301 804 2335 tentumma
831 2310 860 2334 z.
887 2300 987 2343 apud
1013 2299 1120 2333 Krete
1125 2299 1195 2333 ium
