1635 2572
133 580 152 609 10

189 169 269 211 106
836 169 869 204 11

185 280 258 319 bus
290 279 512 319 homiuibus
545 278 698 329 salutis,
730 279 889 330 quietis,
921 280 1045 331 pacis,
1080 279 1389 331 tranquillitatis,
1426 281 1520 319 adeo

186 345 227 377 ut
260 350 329 376 nec
364 338 449 388 plus
483 338 630 387 sperari
663 338 834 387 potuerit
866 348 937 375 nec
977 338 1059 387 spei
1098 337 1328 388 responderi
1360 337 1521 377 felicius.

306 394 399 434 104.
454 394 668 444 Adoptatus
701 394 834 432 eadem
868 394 928 432 die
963 397 1076 433 etiam
1109 394 1156 433 M.
1189 396 1375 446 Agrippa,
1408 408 1522 446 quem

187 460 270 505 post
312 460 477 492 mortem
515 454 706 503 Agrippae
744 452 838 491 lulia
876 455 987 491 enixa
1029 459 1128 504 erat,
1173 453 1241 492 sed
1279 455 1319 492 in
1357 453 1523 492 Neronis

186 513 390 563 adoptione
429 511 523 550 illud
562 511 756 549 adiectum
797 511 856 549 his
894 513 988 562 ipsis
1029 511 1205 550 Caesaris
1249 511 1394 551 verbis:
1438 512 1558 564 lioc,⁵

187 573 330 622 iuquit,
363 572 420 609 rei
452 569 628 621 publicae
662 581 777 607 causa
804 570 913 608 facio.
963 582 1041 608 non
1074 569 1138 608 diu
1173 570 1363 621 vindicem
1396 577 1524 609 custo·

186 630 351 680 demque
396 630 550 679 imperii
593 629 654 666 sui
698 634 843 666 morata
887 629 926 666 in
971 627 1067 666 urhe
1107 630 1230 678 patria
1269 630 1447 679 protinus
1485 630 1524 667 in

186 688 430 727 Germaniam
463 688 584 738 misit,
617 685 683 724 ubi
715 692 802 724 ante
835 687 1048 725 triennium
1081 686 1152 724 sub
1183 686 1229 724 M.
1258 686 1423 739 Vinicio,
1456 699 1523 725 avo

186 753 271 798 tuo,
304 746 518 784 clarissimo
550 746 650 796 viro,
682 746 916 783 immensum
943 751 1139 783 exarserat
1166 744 1320 783 bellum.
1372 751 1453 783 erat
1485 744 1524 783 id

186 804 232 843 ab
266 817 311 843 eo
344 803 576 854 quibusdam
608 804 647 841 in
679 802 774 841 locis
801 808 970 854 gestum,
1003 802 1235 853 quibusdam
1262 809 1524 842 sustentatum
1546 813 1578 836 ιο

186 863 352 901 feliciter
389 874 513 912 eoque
553 862 708 899 nomine
747 860 904 899 decreta
943 862 978 899 ei
1017 873 1106 899 cum
1143 862 1429 912 speciosissima
1468 863 1523 900 in-

188 923 399 972 scriptione
445 931 608 971 operum
653 925 879 958 ornamenta
923 919 1180 970 triumphalia.
1254 919 1326 958 hoe
1371 927 1524 970 tempus

187 992 265 1031 me,
297 980 474 1017 sunctum
507 983 595 1016 ante
629 977 848 1028 tribunatu,
880 983 1098 1015 castrorum
1130 977 1185 1016 Ti.
1221 977 1396 1016 Caesaris
1429 977 1524 1016 mili-

186 1045 265 1077 tem
297 1038 405 1076 fecit:
450 1038 594 1086 quippe
633 1037 812 1086 protinus
851 1035 897 1073 ab
936 1036 1140 1086 adoptione
1179 1037 1322 1074 missus
1358 1048 1447 1074 cum
1480 1048 1525 1074 eo

186 1096 408 1147 praefectus
441 1096 616 1144 equitum
649 1095 688 1131 in
721 1092 984 1144 Germaniam,
1017 1105 1222 1132 successor
1255 1094 1371 1132 oflicii
1403 1095 1525 1144 patris
1546 1103 1579 1127 15

187 1155 280 1205 mei,
325 1152 694 1192 caelestissimorum
726 1153 810 1189 eius
848 1163 1011 1202 operum
1048 1163 1118 1201 per
1157 1163 1278 1190 annos
1319 1154 1525 1190 continuos

187 1223 326 1251 novem
358 1212 580 1262 praefectus
607 1215 672 1248 aut
697 1209 846 1260 legatus
874 1216 1070 1260 spectator
1091 1216 1129 1248 et
1148 1222 1219 1260 pro
1240 1217 1355 1261 captu
1381 1210 1525 1249 medio-

188 1271 337 1309 critatis
370 1281 476 1307 meae
510 1268 663 1306 adiutor
695 1268 760 1306 sui.
818 1280 944 1318 neque
977 1267 1031 1306 illi
1063 1268 1304 1319 spectaculo,
1337 1280 1412 1319 quo
1446 1270 1524 1307 sru-

189 1334 276 1367 ctus
309 1339 412 1379 sum,
449 1326 572 1365 simile
605 1325 782 1364 condicio
815 1325 987 1364 mortalis
1020 1327 1195 1376 recipere
1234 1326 1388 1364 videtur
1420 1326 1525 1378 mihi,

188 1398 278 1426 cum
309 1397 379 1437 per
412 1384 707 1423 celeberrimam
739 1383 868 1422 Italiae
901 1390 1051 1434 partem
1089 1390 1334 1435 tractumque
1370 1396 1525 1423 omnem
1546 1394 1579 1418 20

189 1445 329 1483 Galliae
362 1444 651 1495 provinciarum
684 1448 855 1480 veterem
882 1444 1158 1493 imperatorem
1191 1449 1229 1481 et
1260 1449 1348 1481 ante
1377 1444 1526 1481 meritis

189 1515 231 1542 ac
264 1501 473 1541 virtutibus
506 1513 621 1552 quam
654 1502 809 1539 nomine
839 1500 1044 1539 Caesarem
1076 1502 1290 1540 revisentes
1323 1500 1395 1539 sibi
1422 1502 1524 1551 quis-

189 1574 264 1613 que
297 1572 413 1612 quam
444 1559 499 1598 illi
530 1559 819 1610 gratularentur
845 1559 1008 1609 plenius.
1059 1565 1097 1597 at
1125 1571 1216 1597 vero
1244 1558 1408 1597 militum
1435 1571 1525 1597 con·

190 1625 327 1671 spectu
359 1620 444 1657 eius
483 1617 632 1656 elicitae
671 1617 810 1668 gaudio
846 1617 1026 1655 lacrimae
1065 1617 1319 1667 alacritasque
1356 1623 1393 1655 et
1426 1617 1525 1655 salu-

192 1679 345 1716 tationis
390 1688 486 1715 nova
531 1675 719 1726 quaedam
763 1675 946 1714 exultatio
990 1681 1029 1714 et
1073 1675 1322 1725 contingendi
1369 1687 1526 1713 manum
1547 1684 1580 1709 25
1629 1701 1635 1731 t

191 1735 383 1788 cupiditas
404 1747 482 1773 non
503 1735 804 1785 continentium,
829 1735 1009 1785 protinus
1030 1735 1123 1784 quin
1145 1733 1375 1785 adiicerent,
1403 1730 1525 1772 ‘vide-

284 1864 304 1894 3
331 1859 526 1904 adoptatus
552 1869 617 1893 om.
643 1859 677 1892 A
707 1859 711 1898 Ι
741 1857 868 1893 eodem
893 1857 1039 1892 Krause
1067 1859 1071 1899 Ι
1097 1857 1144 1891 Μ.
1172 1857 1237 1893 del.
1271 1857 1425 1892 Ursinus

190 1910 211 1941 8
238 1906 301 1941 ubi
323 1906 372 1940 P:
399 1905 453 1939 uti
474 1906 508 1939 A
582 1909 601 1939 9
628 1904 665 1938 id
692 1904 857 1948 Lipsius:
886 1905 923 1938 et
941 1904 1016 1938 ΑΡ
1040 1905 1091 1947 (et
1116 1905 1196 1938 erat
1216 1903 1355 1946 Haase)
1430 1908 1469 1938 11
1493 1901 1528 1938 ei

193 1954 242 1988 P:
264 1955 301 1988 et
319 1954 353 1987 A
429 1957 469 1986 13
496 1952 723 1986 tribunatum
743 1952 777 1984 A
801 1952 805 1994 Ι
828 1951 880 1986 Ti.
905 1951 952 1984 P:
979 1951 1020 1985 T.
1040 1951 1074 1984 A
1150 1955 1192 1984 14
1213 1950 1301 1984 fecit
1320 1949 1408 1983 AP:
1435 1949 1529 1983 vidit

191 2001 345 2044 Stcmyer
421 2003 460 2033 17
486 1998 599 2032 Vllll.
624 1998 672 2032 1¹:
701 1997 794 2032 Vlll.
815 1998 850 2032 A
875 1998 974 2031 haud
993 1998 1065 2031 sce'o
1085 2008 1132 2031 an
1152 2000 1251 2037 recte,
1271 2007 1302 2030 r.
1324 1996 1529 2040 Kreyssiyii

187 2048 304 2092 praef.
329 2057 365 2091 p.
392 2045 457 2080 LII
483 2049 514 2080 et
540 2046 745 2088 §numium
776 2045 817 2078 in
844 2045 967 2078 Musei
991 2044 1110 2078 helret.
1138 2043 1169 2085 Ι,
1198 2047 1262 2077 139
1380 2047 1420 2076 17
1449 2053 1528 2087 spe—

192 2095 311 2128 ctator
343 2094 381 2127 el:
411 2092 594 2127 Gelenius:
627 2093 831 2136 spectatum
863 2092 915 2132 A,
947 2091 1132 2135 spectatus
1167 2089 1210 2131 P,
1247 2091 1434 2133 spectator
1465 2090 1530 2123 aut

193 2141 362 2182 Gladius,
389 2150 471 2173 cum
498 2140 700 2183 spectator,
726 2139 804 2172 tum
828 2136 938 2172 Orelli
1012 2139 1053 2170 18
1080 2136 1219 2170 fructus
1242 2136 1301 2169 M:
1329 2135 1460 2169 fruitus
1483 2135 1527 2178 P,

192 2187 336 2221 functus
362 2187 395 2220 A
494 2189 537 2219 ‘20
563 2187 758 2227 tractumq.
787 2184 955 2219 Cludius:
982 2184 1139 2216 tractum
1167 2182 1249 2224 ΛΡ,
1278 2184 1315 2216 ot
1340 2184 1382 2216 tr.
1410 2182 1456 2216 al.

192 2237 236 2267 22
275 2233 470 2267 virtutibus
508 2232 674 2275 Lipsius:
714 2231 851 2265 uiribus
886 2230 962 2264 ΑΡ
998 2232 1003 2273 l
1043 2229 1159 2272 quisq.
1199 2239 1310 2271 quam
1345 2229 1392 2263 P:
1431 2227 1528 2272 quis-

192 2290 302 2322 quam
330 2280 363 2312 A
444 2282 486 2313 23
515 2281 553 2312 at
577 2288 641 2313 om.
670 2278 704 2312 A
777 2281 822 2312 24
847 2276 991 2311 elicitae
1020 2275 1069 2310 P:
1097 2275 1274 2310 felicitate
1299 2275 1335 2309 A
1357 2276 1363 2320 Ι
1386 2275 1528 2319 lachry-

192 2337 273 2360 mae
302 2326 336 2358 1¹
