1635 2572
157 851 176 880 10

158 1317 177 1348 3

160 1726 176 1756 1

196 151 250 192 28
851 151 883 185 ΙΙ

196 261 367 313 rissima,
411 262 463 299 ita
507 265 628 298 artata
672 271 836 298 numero
875 260 1050 298 felicitas.
1119 265 1269 310 septem
1307 267 1394 300 31116
1433 260 1538 299 1111116

197 318 458 357 nobilissimae
500 317 758 368 simplicitatis
796 319 994 368 iuvenem,
1038 317 1104 355 Cn.
1144 317 1373 370 Domitium,
1417 319 1539 370 suere,

197 378 339 427 singuli
372 377 529 414 omnino
562 375 791 425 parentibus
811 377 949 427 geniti,
982 375 1050 413 sed
1072 386 1206 413 01111163
1227 375 1273 413 ad
1294 375 1539 415 consulatum

197 435 509 485 sacerdotiaque,
543 432 588 471 ad
609 432 798 484 triumphi
819 438 948 471 autem
974 444 1096 483 paene
1119 444 1253 472 omnes
1273 439 1539 484 pervenerunt

196 494 372 544 insignia.
1559 499 1576 526 5

317 549 380 589 11.
449 549 599 589 Bellum
651 549 791 588 deinde
835 548 1110 600 Iugurthinum
1161 555 1419 601 gestum·est
1467 562 1538 602 per

197 609 240 655 Q.
278 608 477 648 Metellum
516 607 612 647 nulli
652 607 869 646 secundum
907 607 1052 646 saeculi
1096 609 1167 647 sui.
1235 608 1352 647 huius
1391 609 1540 660 legatus

200 669 272 706 suit
317 667 355 706 C.
399 667 562 718 Marius,
608 678 724 717 quem
767 666 1050 718 praediximus,
1094 672 1209 705 natus
1253 668 1397 718 agresti
1442 667 1539 719 loco,

196 726 323 765 hirtus
344 731 459 776 atque
486 725 670 764 horridus
693 726 847 775 vitaque
879 730 1055 776 sanctus,
1087 731 1276 775 quantum
1308 725 1408 764 bello
1442 727 1540 777 opti-

196 796 300 836 mus,
339 790 491 822 tantum
528 795 623 835 pace
661 785 874 834 pessimus,
912 783 1144 821 immodicus
1183 783 1345 836 gloriae,
1385 785 1539 822 insatia-
1565 793 1595 817 10

198 842 303 895 bilis,
342 843 536 893 impotens
577 853 809 893 semperque
842 843 1053 892 inquietus.
1117 841 1178 880 1116
1211 854 1281 892 per
1313 842 1541 893 publicanos

197 900 370 951 aliosque
410 902 448 938 in
489 900 617 939 Africa
659 901 892 951 negotiantis
932 901 1160 939 criminatus
1199 900 1344 939 Metelli
1384 900 1541 939 lentitu-

197 959 345 1012 dinem,
385 958 574 997 trahentis
613 960 689 997 iam
721 960 760 996 in
792 960 955 997 tertium
988 970 1133 997 annum
1166 958 1328 1011 bellum,
1362 964 1400 997 et
1431 965 1540 998 natu-

197 1017 318 1056 ralem
356 1017 568 1056 nobilitatis
609 1016 833 1068 superbiam
866 1017 1120 1067 morandique
1154 1019 1193 1055 in
1226 1018 1400 1068 imperiis
1433 1019 1540 1068 cupi-

198 1076 357 1115 ditatem
390 1076 519 1114 effecit
551 1081 611 1128 ut,
643 1087 733 1114 611111
765 1080 984 1114 commeatu
1015 1077 1137 1126 petito
1165 1075 1327 1114 Romam
1361 1077 1541 1128 venisset,
1564 1084 1595 1111 15

197 1134 334 1173 consul
379 1139 581 1172 crearetur
624 1133 793 1184 bellique
835 1145 957 1184 paene
1002 1134 1145 1184 patrati
1192 1146 1213 1172 a
1259 1133 1432 1186 Metello,
1476 1135 1543 1185 qui

198 1192 256 1231 bis
295 1192 524 1243 Iugurtham
563 1193 644 1231 acie
686 1192 861 1244 fuderat,
906 1203 1056 1230 summa
1101 1193 1413 1231 committeretur
1457 1191 1541 1231 sibi.

198 1251 342 1290 Metelli
382 1257 511 1289 tamen
550 1256 588 1289 et
626 1250 849 1302 triumphus
894 1250 967 1289 fuit
1005 1250 1244 1289 clarissimus
1283 1256 1322 1289 et
1358 1252 1543 1289 meritum

199 1322 245 1347 ex
278 1311 420 1348 virtute
455 1311 490 1347 ei
523 1321 738 1360 cognomen
771 1308 965 1347 Numidici
997 1308 1174 1347 inditum.
1232 1314 1275 1347 ut
1306 1308 1420 1359 paulo
1453 1314 1541 1347 ante

198 1367 388 1408 Domitiae
439 1367 622 1419 familiae,
672 1368 724 1405 ita
775 1366 961 1405 Caeciliae
1013 1367 1181 1405 notanda
1231 1367 1419 1406 claritudo
1471 1372 1541 1406 631.
1562 1376 1597 1401 20

200 1428 343 1477 quippe
383 1427 486 1464 intra
525 1426 730 1464 duodecim
772 1426 894 1463 ferme
928 1437 1049 1463 annos
1082 1425 1198 1464 huius
1233 1427 1419 1477 temporis
1452 1437 1541 1464 con-

199 1485 304 1523 sules
337 1485 447 1523 fuere
469 1484 614 1522 Metelli
646 1490 712 1522 aut
744 1495 928 1523 censores
962 1489 1028 1522 3111
1059 1483 1352 1535 triumpharunt
1377 1483 1542 1535 amplius

199 1543 427 1595 duodecies,
472 1548 516 1581 ut
554 1548 753 1593 appareat,
798 1541 1126 1593 quemadmodum
1164 1542 1322 1581 urbium
1360 1544 1541 1594 imperio·

199 1614 384 1654 rumque,
427 1603 479 1640 ita
517 1603 693 1652 gentium
725 1612 829 1639 nunc
861 1600 1002 1639 florere
1036 1601 1250 1652 fortunam,
1288 1612 1392 1639 nunc
1431 1612 1541 1640 36116-

200 1673 328 1712 scere,
360 1672 465 1699 nunc
498 1661 672 1698 interire.
1561 1667 1595 1692 25

321 1717 384 1757 12.
441 1719 489 1756 At
528 1717 566 1756 C.
605 1718 750 1756 Marius
788 1716 828 1756 L.
869 1717 1014 1756 Sullam
1052 1718 1127 1755 iam
1167 1722 1260 1756 tunc
1301 1723 1343 1755 ut
1385 1729 1541 1768 praeca-

199 1777 379 1815 ventibus
424 1778 510 1814 satis
556 1776 778 1828 copulatum
823 1775 896 1814 sibi
938 1782 1186 1826 quaestorem
1224 1775 1359 1814 habuit
1397 1781 1435 1814 et
1471 1787 1542 1826 per

200 1847 289 1874 eum
333 1837 496 1873 missum
541 1835 585 1873 ad
632 1846 764 1885 regem
801 1833 999 1872 Bocchum
1038 1833 1224 1884 Iugurtha
1268 1845 1360 1885 rege
1403 1833 1542 1872 abhinc

295 1987 312 2016 1
342 1983 484 2017 arctata
509 1982 544 2016 A
568 1985 571 2026 j
594 1996 645 2017 v11
672 1983 792 2017 Aldus
817 1985 849 2016 et
875 1981 1064 2026 Sigonius:
1090 1981 1145 2015 uti
1171 1981 1247 2016 ΑΡ
1340 1985 1359 2016 3
1388 1980 1542 2025 singulis

199 2030 283 2073 ΑΡ,
310 2041 372 2064 em.
394 2029 495 2073 Lips.
517 2030 562 2071 ef.
585 2029 772 2073 Maca-imi
792 2029 939 2063 Advers.
968 2028 1012 2069 ΙΙ,
1033 2032 1099 2063 301
1127 2031 1197 2063 not.
1296 2032 1317 2062 4
1344 2027 1389 2062 ad
1415 2028 1541 2062 trium—

199 2077 375 2121 phantem
402 2078 436 2110 A
571 2081 590 2109 6
616 2087 716 2119 perq.
744 2075 935 2109 Metellum
961 2074 1036 2109 ΑΡ
1166 2078 1186 2108 8
1213 2075 1349 2119 agresti
1379 2074 1542 2109 Vossius.-

201 2123 361 2167 equestri
387 2123 462 2157 ΑΡ
566 2127 606 2156 10
635 2122 885 2167 [insatiabilis]
915 2121 1059 2156 Cot-tius
1169 2125 1209 2155 17
1236 2122 1274 2154 in
1300 2121 1377 2155 acie
1404 2122 1460 2162 A‚·
1485 2122 1541 2156 (Ii—

200 2171 344 2204 ccbatur
371 2173 401 2204 et
427 2170 505 2204 acie
532 2169 683 2203 fundere
712 2170 870 2213 (vincere
892 2171 968 2212 ete.)
994 2172 1025 2202 et
1047 2168 1084 2202 in
1110 2168 1204 2210 acie3
1234 2168 1325 2202 illud
1350 2171 1468 2202 tamen
1493 2171 1543 2202 est

200 2218 310 2251 multo
335 2217 558 2260 frequentius
693 2220 733 2250 18
760 2215 957 2250 *meritum
984 2217 1021 2249 61
1046 2216 1124 2256 (om.
1155 2214 1203 2251 P)
1229 2214 1431 2258 uirtutique
1457 2215 1552 2258 AF,-

201 2264 372 2297 meritum
399 2264 430 2297 ei
457 2263 591 2297 virtute
619 2263 767 2306 (virtute
794 2263 842 2306 ei)
869 2263 951 2304 (111ἰῖ,
985 2262 1027 2303 cf.
1056 2261 1144 2296 Sall.
1174 2261 1260 2306 Jtcy.
1288 2266 1319 2304 5,
1347 2266 1383 2304 45
1419 2273 1469 2295 an
1494 2273 1541 2296 m.

203 2311 235 2344 ei
262 2310 462 2353 virtutique
489 2310 679 2344 debitum?
777 2314 819 2343 ‘23
847 2308 1041 2343 duodecies
1067 2308 1252 2343 Burman:
1279 2321 1341 2342 xu.
1368 2308 1444 2342 ΑΡ
