1635 2572
154 711 175 742 ΚΟ

153 1119 174 1150 3

156 1644 176 1674 13

155 1762 175 1791 0³

198 128 253 170 26
855 129 888 162 ΙΙ

196 238 285 276 inde
317 237 457 277 Porcio
490 238 712 287 Marcioque
753 236 979 276 consulibus
1018 237 1184 275 deducta
1222 237 1371 276 colonia
1409 238 1538 277 Narbo

197 296 370 335 Martius.

317 353 353 394 8.
404 354 608 392 Mandetur
647 353 786 391 deinde
825 354 1035 392 memoriae
1068 354 1255 392 severitas
1292 354 1538 394 iudiciorum.

197 415 340 464 quippe
374 412 412 451 C.
446 412 539 450 Cato
572 411 805 463 consularis,
837 411 883 449 M.
916 410 1072 449 Catonis
1105 423 1244 463 nepos,
1275 412 1447 451 Africani
1479 425 1537 451 so-

197 474 298 509 roris
343 471 461 522 silius,
511 470 819 521 repetundarum
863 482 909 508 ex
953 469 1177 508 Macedonia
1220 470 1423 509 damnatus
1469 477 1575 524 est‚5

197 542 285 567 cum
329 529 376 567 lis
421 530 505 567 eius
548 528 623 567 IIS.
671 533 855 579 quattuor
899 527 1054 566 milibus
1099 530 1388 568 aestimaretur:
1445 530 1539 568 adeo

196 587 251 625 illi
282 588 355 625 viri
387 589 507 638 magis
537 587 776 625 voluntatem
807 587 994 637 peccandi
1026 586 1279 626 intuebantur
1313 591 1428 638 quam
1460 600 1538 626 mo-

197 646 289 684 dum
326 646 503 696 factaque
543 645 589 684 ad
629 645 835 684 consilium
879 645 1097 696 dirigebant
1141 652 1179 684 et
1223 646 1333 698 quid,
1378 659 1455 685 non
1500 649 1540 685 in

198 709 385 754 quantum
419 704 632 742 admissum
663 705 781 755 foret,
814 703 1079 742 aestimabant.
1142 705 1245 743 circa
1277 705 1412 743 eadem
1444 711 1539 744 tem-

195 774 290 813 pora
329 762 406 801 duo
445 762 589 800 Metelli
633 763 775 800 fratres
813 774 891 800 uno
936 762 996 800 die
1042 762 1393 813 triumphaverunt.
1462 772 1594 802 11011'10

196 823 325 859 minus
365 821 512 859 clarum
551 820 770 872 exemplum
810 826 849 858 et
886 820 1011 859 adhuc
1053 822 1213 859 unicum
1245 820 1369 859 Fulvii
1401 821 1540 874 Flacci,

196 881 280 917 eius
321 881 387 929 qui
425 879 595 930 Capuam
634 884 809 931 ceperat,
852 879 1039 930 filiorum,
1084 879 1151 918 sed
1196 879 1355 918 alterius
1400 881 1439 918 in
1478 880 1540 919 ad-

195 939 395 988 optionem
433 937 528 989 dati,
573 939 611 975 in
651 937 812 988 collegio
852 937 1078 975 consulatus
1118 939 1206 988 suit3
1252 938 1456 988 adoptivus
1500 939 1540 976 in

195 996 347 1034 Acidini
379 995 510 1033 Manlii
547 995 729 1033 familiam
771 995 894 1033 datus.
966 1007 1053 1033 nam
1092 1008 1257 1033 censura
1294 995 1540 1035 Metellorum

195 1053 448 1105 patruelium,
499 1065 577 1090 non
621 1064 897 1103 germanorum
947 1054 1113 1091 fratrum
1158 1054 1247 1105 suit,
1299 1054 1402 1104 quod
1447 1054 1539 1093 solis
1561 1064 1593 1088 15

196 1113 413 1161 contigerat
446 1110 707 1162 Scipionibus.
769 1116 853 1149 tum
886 1109 1031 1148 Cimbri
1064 1117 1101 1149 et
1134 1111 1302 1149 Teutoni
1340 1118 1540 1151 transcen·

196 1171 288 1209 dere
309 1169 507 1220 Rhenum,
540 1169 672 1207 multis
704 1180 794 1207 mox
814 1169 960 1207 nostris
981 1170 1141 1220 suisque
1172 1169 1346 1208 cladibus
1378 1170 1540 1210 nobiles.

194 1241 265 1280 per
291 1227 427 1266 eadem
447 1233 623 1278 tempora
644 1227 772 1265 clarus
802 1228 886 1265 eius
906 1226 1083 1279 Minucii,
1117 1229 1183 1277 qui
1214 1230 1407 1280 porticus,
1441 1241 1540 1279 quae

196 1286 389 1337 hodieque
423 1285 599 1324 celebres
632 1291 740 1337 sunt,
772 1285 929 1323 molitus
963 1291 1038 1337 est,
1071 1297 1116 1323 ex
1147 1285 1364 1325 Scordiscis
1403 1289 1538 1326 trium-

195 1345 296 1396 phus
329 1345 413 1382 fuit.
1559 1355 1594 1380 20

311 1400 348 1441 9.
399 1401 546 1441 Eodem
578 1407 706 1440 tractu
740 1407 961 1452 temporum
987 1403 1191 1440 nituerunt
1211 1408 1387 1441 oratores
1409 1402 1539 1454 Scipio

197 1460 434 1499 Aemilianus
466 1460 717 1512 Laeliusque,
757 1459 840 1498 Ser.
874 1459 1008 1511 Galba,
1047 1460 1124 1498 duo
1157 1459 1338 1513 Gracchi,
1371 1460 1410 1500 C.
1442 1461 1538 1500 Fan-

198 1521 302 1571 nius,
336 1518 459 1557 Carbo
492 1519 689 1570 Papirius3
722 1530 794 1556 nec
827 1518 1138 1569 praetereundus
1167 1518 1345 1558 Metellus
1365 1519 1538 1558 Numidi-

197 1590 267 1616 cus
300 1584 337 1616 et
359 1577 549 1630 Scaurus,
581 1583 620 1616 et
652 1582 740 1616 ante
773 1589 908 1615 omnes
940 1576 980 1615 L.
1003 1576 1166 1616 Crassus
1199 1583 1237 1616 et
1257 1577 1304 1615 M.
1326 1578 1538 1618 Antonius:

199 1648 367 1686 quorum
411 1637 527 1675 aetati
570 1637 816 1686 ingeniisque
856 1647 1082 1673 successere
1122 1634 1161 1673 C.
1204 1635 1344 1674 Caesar
1385 1636 1537 1689 Strabo,
1558 1647 1591 1673 25

196 1694 236 1733 P.
271 1694 485 1746 Sulpicius3
526 1706 615 1733 nam
648 1694 691 1739 Q.
720 1694 870 1732 Mucius
903 1695 1000 1732 iuris
1039 1695 1201 1732 scicntia
1233 1706 1347 1745 quam
1379 1697 1537 1746 proprie

198 1752 441 1803 eloquentiae
482 1754 639 1791 nomine
679 1752 871 1791 celebrior
909 1752 992 1790 suit.
1053 1752 1154 1790 clara
1187 1754 1302 1790 etiam
1334 1765 1404 1804 per
1435 1754 1538 1792 idem

196 1812 278 1849 aevi
311 1812 478 1862 spatium
511 1812 621 1850 suere
655 1812 809 1862 ingenia
837 1812 878 1849 in
898 1811 1038 1861 togatis
1059 1811 1224 1863 Afranii,
1256 1812 1295 1849 in
1329 1812 1538 1862 tragoediis

294 1962 309 1992 1
332 1957 456 1992 Portio
479 1957 552 1991 ΑΡ
635 1963 656 1992 4
677 1958 713 1993 C.
734 1959 868 1993 Aldus:
891 1957 987 1992 COS.
1009 1958 1085 1992 ΑΡ
1156 1962 1176 1993 6
1195 1957 1267 1992 HS.
1289 1958 1371 1994 add.
1393 1958 1539 1994 Krause

197 2004 255 2048 (lis
288 2005 321 2039 ei
353 2004 424 2039 HS.
459 2004 620 2048 Sccdiyer
651 2009 682 2039 et
707 2006 788 2049 aliz)
924 2009 965 2039 10
991 2005 1063 2039 duo
1090 2005 1224 2039 Aldus:
1259 2005 1307 2039 M.
1335 2005 1410 2039 AP

197 2056 239 2086 13
268 2051 479 2086 consulatus
499 2052 661 2086 Krause:
690 2051 788 2087 COS.
809 2051 885 2086 ΑΡ
982 2057 1023 2086 14
1044 2051 1212 2086 Acidiani
1231 2052 1314 2095 AP,
1335 2062 1396 2086 em.
1418 2052 1537 2087 Aldus

196 2101 227 2132 ct
254 2098 426 2143 ›S'iyonius
448 2100 452 2142 ί
474 2098 589 2132 filiam
615 2100 649 2132 A
673 2100 676 2139 1
700 2110 829 2133 census
855 2099 930 2133 ΑΡ
1058 2103 1100 2133 16
1127 2098 1357 2133 transcedere
1383 2100 1418 2134 A

199 2149 239 2179 17
269 2145 403 2180 nobilis
423 2145 458 2179 A
558 2148 599 2179 18
626 2145 753 2180 Minici
775 2146 818 2189 P,
845 2145 982 2180 Manioi
1001 2146 1036 2179 A
1135 2149 1176 2179 19
1197 2156 1240 2179 ex
1261 2144 1442 2180 Cordiscis
1465 2146 1541 2180 ΑΡ

267 2196 309 2226 21
337 2194 547 2236 temporum
572 2193 694 2226 tractu
721 2193 756 2226 P
780 2194 867 2236 (non
894 2193 991 2235 MA)
1088 2196 1133 2226 ‘24
1159 2193 1195 2225 et
1221 2195 1304 2226 aute
1332 2194 1538 2228 o.—An‘to·

195 2238 277 2272 nius
310 2239 568 2283 transponcbat
599 2239 745 2273 Ii'zdmls.
774 2243 857 2284 post
888 2239 1055 2283 Papirius
1079 2240 1083 2282 Ι
1107 2238 1145 2273 L.
1175 2239 1273 2273 MA:
1309 2249 1375 2275 om.
1405 2240 1441 2273 1>

196 2288 240 2320 ‘26
266 2297 388 2329 namq.
416 2286 555 2320 Mucius
582 2286 681 2329 AP1
704 2287 873 2331 propriae
900 2286 984 2328 ΑΡ,
1011 2296 1071 2320 cm.
1098 2285 1249 2329 Lipsius
