1635 2572
189 143 240 182 14
849 142 864 175 Ι

145 260 162 290 3
185 251 324 289 abhinc
362 263 483 289 annos
522 257 651 289 autem
690 255 889 289 trecentos
921 256 960 288 et
993 252 1190 301 sexaginta
1223 251 1287 302 Sp.
1319 251 1519 291 Postumio

186 309 344 348 Veturio
367 309 521 347 Calvino
555 307 782 346 consulibus
803 307 1006 359 Campanis
1039 308 1126 346 data
1158 314 1217 347 est
1238 310 1371 348 civitas
1402 312 1519 361 parti-

185 380 259 418 que
294 368 526 405 Sanmnitium
565 367 647 403 sine
687 366 887 417 sum-agio,
928 372 967 404 et
1005 366 1141 404 eodem
1182 378 1282 405 anno
1315 366 1424 406 Cales
1456 369 1519 407 de-

185 426 298 464 ducta
331 425 490 464 colonia.
538 425 744 462 interiecto
777 424 916 462 deinde
949 425 1117 462 triennio
1150 424 1326 463 Fundani
1358 431 1397 464 et.
1427 425 1520 464 For-

184 485 300 522 miani
334 485 372 521 in
405 483 600 520 civitatem
632 483 797 533 recepti,
839 494 883 520 eo
915 484 1000 533 ipso
1032 494 1151 535 anno,
1184 495 1260 534 quo
1291 483 1521 523 Alexandria

144 551 165 579 4
185 541 338 579 condita
370 547 440 579 est.
490 540 867 591 insequentilnisque
906 540 1132 579 consulibus
1170 553 1190 579 a
1223 541 1286 592 Sp.
1319 541 1520 581 Postumio

183 599 344 637 Philone
377 598 543 637 Publilio
577 598 806 637 censoribus
826 599 1033 637 Acerranis
1058 599 1144 638 data
1167 601 1329 638 civitas·
1363 606 1402 639 et
1432 607 1521 652 post

184 659 397 695 triennium
430 657 638 695 Tarracina
671 657 835 696 deducta
878 657 1028 696 colonia
1074 659 1383 708 interpositoque
1428 670 1520 709 qna-

184 715 362 754 driennio
394 714 559 754 Luceria
591 727 634 754 ac
667 715 806 754 deinde
838 717 1045 754 interiecto
1077 717 1246 754 triennio
1280 715 1422 755 Suessa
1445 717 1519 756 Au-

144 783 305 812 51·unca
342 780 381 812 et
420 773 605 825 Saticula,
649 773 947 824 Interamnaqne
992 779 1082 824 post
1117 773 1328 812 biennium.
1385 774 1520 813 decem

185 832 323 870 deinde
367 831 440 870 hoc
485 843 647 870 munere
692 834 782 870 anni
827 838 1075 870 vacaverunt:
1131 837 1225 870 tunc
1266 831 1360 870 Sora
1405 839 1520 884 atque

143 890 277 929 GAlba
321 890 509 929 deductae
557 889 729 928 coloniae
774 896 814 929 et
858 889 1028 929 Carseoli
1073 895 1161 940 post
1203 889 1414 929 biennium.
1484 897 1521 929 at

184 948 226 993 Q.
260 948 377 987 Fabio
417 950 597 999 quintum
634 948 750 987 Decio
790 948 899 987 Mure
938 954 1120 999 quartum
1159 948 1402 1000 consulibus,
1443 961 1520 1000 quo

184 1018 283 1045 anno
327 1007 502 1057 Pyrrhus
527 1018 710 1057 -regnare
761 1009 906 1059 coepit,
957 1006 1181 1045 Sinuessam
1224 1006 1519 1058 Minturnasque

183 1066 291 1103 missi
329 1065 473 1117 coloni,
511 1071 600 1116 post
638 1065 937 1115 quadriennium
970 1064 1194 1115 Venusiam3
1235 1066 1519 1116 interiectoque

183 1123 339 1161 biennio
378 1123 437 1161 Μ’.
471 1122 588 1162 Curio
627 1129 665 1161 et
702 1123 841 1162 Rufino
881 1122 1061 1161 Cornelio
1103 1123 1329 1162 consulibus
1368 1123 1521 1162 Sabinis

183 1182 266 1219 sine
306 1182 489 1231 suffragio
528 1182 615 1219 data
653 1182 804 1220 civitas:
859 1181 898 1219 id
943 1187 1071 1220 actum
1115 1187 1202 1220 ante
1240 1193 1361 1219 annos
1398 1182 1520 1220 ferme

145 1248 161 1278 7
184 1245 381 1278 trecentos
414 1245 453 1277 et
484 1241 630 1290 viginti.
693 1245 730 1278 at
763 1239 900 1278 Cosam
933 1245 971 1278 et
1002 1239 1185 1278 Paestum
1222 1239 1362 1278 abhinc
1399 1252 1521 1279 annos

184 1298 305 1336 ferme
338 1303 536 1336 trecentos
568 1297 686 1336 Fabio
718 1297 894 1336 Dorsone
927 1303 965 1336 et
997 1296 1155 1336 Claudio
1177 1297 1320 1336 Canina
1353 1297 1518 1336 consuli·

183 1355 273 1407 bus,
305 1357 589 1406 interiectoque
623 1357 890 1406 quinquennio
924 1355 1154 1406 Sempronio
1176 1356 1306 1406 Sopho
1339 1362 1378 1394 et
1397 1357 1519 1407 Appio

184 1413 296 1452 Caeci
324 1414 422 1460 Vfilio
468 1413 695 1452 consulibus
739 1415 957 1453 Ariminum
1001 1420 1040 1452 et
1082 1413 1350 1453 Beneventum
1394 1414 1521 1453 coloni

141 1473 290 1512 Smissi
335 1478 373 1510 et
416 1474 590 1523 suffragii
634 1472 785 1510 serendi
828 1474 889 1511 ius
933 1471 1086 1511 Sabinis
1129 1472 1271 1511 datum.
1335 1478 1372 1510 at
1408 1474 1519 1511 initio

181 1532 297 1581 priini
335 1530 426 1569 belli
466 1531 604 1569 Punici
636 1529 811 1569 Firmum
849 1536 887 1569 et
919 1530 1098 1569 Castrum
1137 1531 1285 1569 colonis
1322 1537 1520 1582 occupata,

182 1594 220 1626 ct
258 1594 345 1639 post
383 1600 526 1627 annum
558 1589 743 1627 Aesernia
781 1594 946 1639 postque
980 1594 1129 1639 septem
1161 1595 1200 1627 et
1231 1589 1365 1627 decem
1398 1600 1519 1627 annos

181 1647 362 1685 Ael'ulnm
400 1653 439 1685 et
469 1647 617 1685 Alsium
654 1646 930 1698 Fregenacque
968 1653 1057 1698 post
1094 1646 1294 1685 biennium
1325 1648 1517 1698 proximo·
1539 1677 1552 1684 -

278 1787 294 1816 1
323 1795 428 1817 ccccx
453 1783 633 1817 Laurent:
660 1795 742 1818 cccr„
766 1781 843 1817 ΑΡ
948 1786 970 1816 4
995 1782 1188 1817 interiecta,
1212 1783 1248 1816 A
1351 1787 1369 1818 7
1396 1783 1519 1818 Publi-

181 1828 231 1863 lio
258 1829 398 1863 Duker:
425 1829 556 1864 Publio
583 1830 658 1863 ΑΡ
787 1832 807 1863 8
835 1829 1073 1863 Tarracinam
1098 1830 1182 1871 AP,
1208 1840 1270 1864 em.
1296 1829 1447 1874 Lipsius

185 1880 225 1909 12
253 1877 292 1909 at
312 1876 352 1917 Q.
377 1876 489 1910 Fabio
515 1876 685 1920 quintum
705 1875 904 1911 Rhenanus
929 1877 970 1910 in
996 1886 1107 1920 mary.
1135 1876 1181 1910 ad
1200 1876 1368 1919 quintum
1388 1877 1520 1912 Fabio-

181 1933 251 1965 que
278 1922 354 1956 ΑΡ
374 1925 377 1965 1
401 1925 529 1966 quarto
556 1924 640 1966 ΔΙ),
666 1934 726 1958 em.
757 1923 875 1958 Gelen.
956 1926 999 1956 14
1026 1922 1159 1966 Pyrrus
1185 1924 1231 1964 A,
1257 1924 1316 1957 secl
1340 1924 1381 1957 in
1406 1935 1517 1969 mary.

181 1969 341 2012 I'yrrhus
365 1970 369 2014 Ι
393 1970 515 2013 coepit
540 1970 576 2003 in
605 1970 774 2004 Suessam
800 1971 835 2003 A
956 1973 998 2004 16
1025 1969 1073 2004 M.
1098 1969 1174 2004 ΑΡ
1194 1971 1198 2011 Ι
1220 1969 1358 2004 Rusino
1384 1970 1419 2004 A

185 2020 226 2050 10·
259 2029 366 2050 cccxx
401 2017 499 2050 MA:
539 2030 670 2051 cccxxx
707 2016 743 2050 P
775 2016 941 2060 ‘Exemlz
969 2019 1146 2051 uetustum
1170 2016 1289 2057 habet,
1325 2016 1362 2050 id
1394 2018 1518 2051 aetum

183 2064 266 2096 ante
294 2074 408 2097 annos
437 2063 580 2097 .c‹·‹·xx.'
609 2064 805 2105 Burerius,
832 2064 895 2107 qui
920 2062 1034 2097 ferme
1059 2072 1177 2097 errore
1203 2063 1359 2096 omisisse
1379 2064 1519 2098 videtur

185 2110 306 2154 {Cos-a„
339 2110 438 2153 MA,
470 2110 581 2144 Cossa
615 2110 650 2143 1²
779 2114 822 2144 ⁴20
854 2110 1081 2152 interiectoq.
1116 2109 1287 2153 Made-59:
1326 2109 1518 2145 huni-iecto

181 2157 257 2190 Al)
387 2161 429 2190 :21
464 2158 501 2189 ct
527 2159 622 2197 (ante
649 2156 748 2200 Ben.)
776 2157 858 2191 add.
886 2157 979 2190 Iani
1112 2159 1156 2189 24
1182 2168 1256 2189 xvii
1283 2156 1416 2191 Aldus:
1442 2170 1518 2191 xxii

181 2204 257 2236 ΑΙ)
387 2207 430 2237 25
468 2203 639 2237 Aefulum
672 2204 843 2238 Hucbner
878 2204 932 2245 (ιή
963 2201 1120 2236 Hermae
1152 2202 1178 2245 I,
1205 2204 1303 2245 wei:
1341 2203 1518 2237 Aesulnm

166 2249 577 2329 .;11’ll]l⁴'11·cgellacqne
610 2250 699 2294 ΑΙ),
738 2261 798 2285 em.
839 2249 1011 2294 ›S'z‘yonius
1041 2248 1046 2295 Ι
1077 2251 1161 2293 post
1199 2247 1384 2285 Gelenius:
1423 2260 1518 2299 anno

181 2298 265 2341 post
290 2312 307 2330 x
351 2299 365 2315 ²

1542 786 1576 811 10

1542 1076 1574 1102 15

1540 1368 1574 1393 20
