1635 2572
149 132 204 174 64
800 130 831 163 11

147 242 239 281 dum
272 248 377 293 ante,
411 253 523 292 quam
557 239 673 277 ullam
705 237 973 276 condicionem
1007 238 1100 275 civis
1127 237 1393 287 accipiendam
1426 237 1483 275 rei

147 300 322 352 publicae
351 298 615 338 contenderet.
655 298 712 334 vir
740 297 923 346 antiquus
957 301 994 333 et
1020 296 1146 345 gravis
1166 294 1326 345 Pompei
1352 300 1483 345 partes

147 359 322 397 laudaret
354 358 491 407 magis,
525 355 697 406 prudens
730 360 963 405 sequeretur
985 352 1160 391 Caesaris
1193 358 1231 391 et
1257 351 1317 390 itta
1344 352 1482 403 glorio-

105 425 127 456 4
148 420 266 468 siora,
300 417 391 454 baec
425 414 661 453 terribiliora
694 413 866 451 duceret.
907 418 947 450 ut
974 411 1112 450 deinde
1142 412 1283 462 spretis
1304 409 1484 449 omnibus

148 488 245 526 quae
274 474 414 512 Caesar
441 472 720 524 postulaverat,
751 470 1018 510 tantummodo
1047 475 1254 509 contentus
1287 481 1376 507 cum
1408 480 1485 507 una
1504 477 1520 502 5

148 534 297 584 legione
344 531 499 571 titulum
544 532 715 569 retinere
761 530 1001 581 provinciae,
1049 530 1220 579 privatus
1264 529 1303 566 in
1348 526 1486 566 urbem

147 594 298 631 veniret
330 597 368 630 et
400 602 441 629 se
474 592 513 628 in
545 590 732 640 petitione
766 587 989 626 consulatus
1023 588 1216 638 sull'ragiis
1248 583 1382 637 pop'uli
1412 585 1485 624 Ro-

148 652 251 690 mani
283 650 545 688 committeret
577 648 804 698 decrevere,
836 652 944 684 ratus
977 645 1197 683 bellandum
1224 644 1365 683 Caesar
1397 655 1486 682 cum

149 711 323 748 exercitu
362 707 605 746 Rubiconem
643 706 806 744 transiit.
870 704 936 742 Cn.
977 703 1186 754 Pompeius
1224 702 1484 753 consulesque

150 774 188 807 et
219 769 341 806 maior
374 778 463 817 pars
496 771 654 803 senatus
686 763 820 802 relicta
853 762 950 801 urbe
987 774 1028 800 ac
1056 762 1194 800 deinde
1222 761 1328 800 Italia
1361 767 1484 799 trans-
1507 769 1539 794 10

150 828 292 865 misere
326 824 593 876 Dyrrachium.

266 882 332 924 50.
394 883 441 921 At
474 882 614 920 Caesar
647 880 812 919 Domitio
845 877 1158 929 legionibusque,
1200 890 1304 927 quae
1343 877 1487 916 Corfini

149 956 226 984 una
258 955 347 982 cum
378 954 423 979 eo
457 941 627 991 fuerant,
659 940 824 990 potitus,
857 938 955 976 duce
983 937 1162 988 aliisque,
1196 938 1263 987 qui
1288 936 1487 974 voluerant

149 1002 255 1041 abire
296 1001 340 1039 ad
379 1000 625 1050 Pompeium,
670 999 753 1035 sine
799 996 981 1035 dilatione
1022 995 1210 1047 dimissis,
1255 1000 1486 1046 persecutus

149 1060 433 1110 Brundusium,
477 1059 528 1096 ita
566 1062 609 1095 ut
646 1061 851 1106 appareret
888 1053 998 1092 malle
1043 1055 1205 1103 integris
1249 1052 1368 1091 rebus
1410 1051 1541 1102 [et]15

150 1116 445 1158 condicionibus
471 1116 582 1153 finire
609 1114 754 1152 bellum
780 1124 894 1163 quam
916 1113 1136 1162 opprimere
1164 1111 1365 1162 fugientis,
1398 1122 1487 1149 cum

109 1184 128 1214 ‘2
151 1184 415 1227 transgressos
453 1174 665 1225 reperisset
704 1171 901 1222 consules,
939 1172 978 1208 in
1023 1169 1160 1208 urbem
1200 1171 1361 1208 revertit
1400 1168 1484 1207 red-

151 1237 307 1286 ditaque
341 1234 489 1272 ratione
523 1231 775 1270 consiliorum
808 1240 969 1268 suorum
1001 1229 1041 1266 in
1073 1233 1209 1266 senatu
1249 1235 1287 1266 et
1325 1229 1363 1265 in
1396 1239 1485 1265 con·

152 1297 255 1334 tione
289 1305 331 1331 ac
365 1292 605 1329 miserrimae
638 1287 957 1339 necessitudinis,
996 1298 1085 1325 cum
1123 1285 1258 1324 alienis
1291 1287 1407 1324 armis
1440 1284 1486 1323 ad

110 1360 130 1390 3
152 1364 256 1391 arma
289 1349 513 1401 compulsus
546 1353 666 1398 esset,
698 1346 900 1397 Hispanias
934 1350 1067 1396 petere
1101 1344 1282 1383 decrevit.
1329 1345 1483 1382 festina-
1507 1351 1539 1375 20

152 1413 299 1451 tionem
330 1409 482 1447 itineris
518 1408 602 1445 eius
643 1405 878 1456 aliquamdiu
917 1409 1063 1442 morata
1095 1402 1261 1441 Massilia
1299 1408 1375 1453 est,
1413 1401 1487 1440 fide

152 1469 288 1508 melior
315 1478 430 1518 quam
457 1465 617 1504 consilio
643 1463 891 1515 prudentior,
922 1463 1192 1512 intempestive
1215 1460 1487 1512 principalium

153 1538 350 1566 armorum
389 1524 546 1563 arbitria
585 1528 760 1574 captans,
802 1520 942 1571 quibus
981 1520 1019 1558 hi
1058 1532 1098 1558 se
1137 1519 1279 1558 debent
1317 1521 1487 1569 interpo-

112 1594 133 1623 4
155 1598 265 1638 nere,
301 1585 367 1635 qui
400 1595 476 1621 non
509 1587 710 1633 parentem
743 1584 924 1618 coercere
958 1584 1133 1629 possunt.
1195 1579 1389 1616 exercitus
1422 1576 1486 1615 de-

154 1644 260 1696 inde,
293 1644 359 1694 qui
385 1640 457 1680 sub
484 1641 640 1678 Afranio
667 1638 862 1678 consulari
889 1650 930 1676 ac
952 1637 1105 1675 Petreio
1132 1637 1327 1687 praetorio
1349 1636 1487 1687 suerat,
1507 1641 1540 1667 2⁵

248 1783 267 1813 3
295 1778 456 1822 gloriosa
481 1777 571 1818 ΛΡ,
597 1787 658 1810 em.
686 1775 847 1818 Cuperus
935 1778 955 1807 4
980 1773 1071 1807 haec
1100 1772 1147 1806 I':
1174 1772 1240 1806 illa
1265 1772 1299 1805 A
1391 1775 1411 1805 ὓ
1437 1769 1489 1804 le·

154 1826 262 1871 gione
288 1836 333 1859 nc
359 1825 393 1858 A
429 1826 433 1867 l
467 1824 631 1868 privatus
658 1821 840 1857 Gelenius:
866 1820 1103 1864 priuatusque
1130 1819 1220 1861 ΑΙ),
1255 1817 1417 1862 privatus
1448 1818 1490 1851 ut

157 1874 356 1908 Mommsen
472 1875 489 1904 7
519 1870 641 1904 uenire
669 1897 676 1903 .
706 1896 711 1902 .
740 1867 968 1902 committere
995 1867 1085 1909 ΑΙ),
1111 1876 1171 1900 em.
1199 1865 1367 1899 Gelenius

156 1925 176 1955 S
205 1920 272 1954 ‘exn
299 1921 366 1952 uet.
394 1919 444 1951 sic
469 1918 588 1959 habet,
619 1919 659 1950 ut
685 1915 866 1959 Icqemlum
892 1914 1083 1948 eoeistc'mem
1114 1911 1341 1946 decreuerat’
1369 1910 1490 1945 Burei·

254 1970 291 2000 11
326 1964 550 2008 Dyrachium
580 1964 632 2005 A,
664 1964 746 1996 item
769 1973 803 2005 p.
833 1965 893 2003 65,
920 1964 941 1994 4
1031 1963 1071 1993 12
1099 1958 1377 2003 legionibusque
1405 1956 1489 1991 Cor-

157 2013 220 2047 fini
240 2014 292 2055 A,
318 2011 596 2055 legionibusque
618 2008 751 2044 Corfini
776 2018 870 2051 quae
894 2007 942 2050 P?
969 2009 1119 2050 apparet
1138 2016 1231 2048 quae
1252 2006 1289 2038 in
1313 2004 1359 2038 M
1381 2004 1490 2038 inter·

157 2061 284 2095 cidisse
309 2062 339 2093 et
371 2070 393 2092 a
419 2057 594 2091 Rhemum
626 2057 720 2099 falso
751 2056 845 2096 loco,
877 2057 917 2088 ut
947 2054 1038 2087 vidit
1069 2053 1259 2092 Basternas,
1290 2051 1490 2094 suppletum

158 2118 227 2141 csse
302 2110 342 2140 13
370 2104 561 2139 voluerant
588 2103 770 2138 Gelenius:
797 2102 975 2135 uenerant
998 2099 1075 2133 ΑΡ
1146 2102 1188 2132 14
1215 2097 1385 2139 dimissis,
1413 2097 1490 2131 sine

159 2153 334 2187 dilatione
360 2152 553 2186 Acidalius
676 2155 716 2183 15
748 2151 785 2183 et
815 2158 879 2182 om.
911 2146 1029 2191 Naycl
1060 2146 1098 2180 in
1131 2147 1208 2179 Act.
1243 2145 1294 2178 lit.
1327 2154 1394 2179 soc.
1421 2143 1490 2177 Ra,

163 2200 262 2234 Trai.
291 2199 350 2240 lV,
375 2202 461 2241 282,
488 2198 530 2239 cf.
559 2197 704 2241 Kreyss.
726 2207 764 2239 1).
792 2193 925 2229 XXXV
1045 2196 1084 2226 17
1113 2191 1308 2226 reuertitur
1334 2192 1367 2224 A

160 2251 198 2280 21
231 2245 444 2289 ali-‘luundiu
474 2245 508 2277 Γ
592 2248 633 2278 23
662 2243 761 2277 hisce
788 2242 840 2283 A,
866 2241 892 2274 ii
919 2250 955 2274 se
982 2239 1147 2273 Burman
1235 2242 1277 2272 25
1305 2236 1518 2272 Africanio-

162 2293 223 2334 M,
251 2292 421 2325 Africano
449 2291 537 2329 AF,
564 2301 624 2324 em.
652 2290 772 2324 Burei·
794 2291 798 2332 l
822 2286 989 2321 Praeteio
1017 2289 1047 2320 .l
