1635 2572
93 230 112 260 3

135 111 190 153 38
790 112 823 145 Π

134 233 174 259 re
208 220 362 271 publica
395 222 577 258 meritum
611 221 791 270 spiritum
824 221 1005 259 reddidit.
1056 221 1103 259 M.
1130 222 1337 274 Antonius,
1369 226 1474 274 prin-

134 291 225 330 ceps
258 280 424 318 civitatis
448 285 563 329 atque
585 277 848 330 eloquentiae,
881 279 1016 329 gladiis
1037 279 1220 331 militum,
1253 292 1350 331 quos
1370 283 1476 333 ipsos

135 337 313 376 facundia
353 349 419 376 sua
463 342 635 374 moratus
680 343 780 388 erat,
825 339 933 375 iussu
973 337 1083 375 Marii
1123 337 1346 388 Cinnaeque
1386 352 1475 378 con-

93 404 114 434 4
136 397 264 435 fossus
297 401 366 434 est.
421 394 464 440 Q.
487 394 664 446 Catulus,
698 401 736 434 et
768 395 930 433 aliarum
962 397 1151 434 virtutum
1183 403 1218 434 et
1253 396 1343 435 belli
1377 397 1475 435 Cim-

93 753 113 784 (51

93 1340 112 1370 ΓΟ

94 1925 114 1955 4

133 454 233 493 brici
264 453 401 504 gloria,
441 464 538 503 quae
572 452 627 491 illi
660 465 748 492 cum
781 453 900 491 Mario
934 456 1152 493 communis
1195 455 1338 506 suerat,
1378 455 1476 494 cele-

133 512 348 563 berrimus,
382 523 471 550 cum
504 511 549 549 ad
572 518 737 551 mortem
758 514 1077 564 conquireretur,
1110 513 1300 551 conclusit
1322 526 1361 551 se
1393 514 1476 552 loco

133 582 260 621 nuper
292 570 395 608 calce
429 570 652 620 harenaque
690 571 883 622 perpolito
923 571 1118 621 inlatoque
1159 573 1255 622 igni,
1297 574 1363 623 qni
1402 574 1477 611 vim

134 629 266 668 odoris
287 630 492 680 excitaret,
526 629 641 667 simul
662 629 806 668 exitiali
838 629 976 668 hausto
999 631 1156 681 spiritu,
1190 630 1306 668 simul
1327 631 1477 669 incluso

135 700 205 726 suo
244 692 410 726 mortem
449 688 570 737 magis
608 693 695 726 voto
735 700 849 738 quam
890 687 1051 726 arbitrio
1090 690 1338 727 inimicorum
1371 689 1476 727 obiit.

135 748 262 784 omnia
296 752 405 784 erant
437 747 664 796 praecipitia
703 748 742 784 in
781 759 821 784 re
861 746 1033 797 publica,
1071 758 1143 785 nec
1183 753 1310 785 tamen
1351 747 1475 785 adime

135 807 340 856 qnisquam
374 803 661 856 inveniebatur,
694 806 760 855 qui
792 804 893 843 bona
925 806 1019 843 civis
1045 804 1208 843 Romani
1241 811 1305 844 aut
1333 805 1477 844 donare

134 863 297 902 auderet
328 869 393 901 aut
425 868 558 913 petere
593 865 816 902 sustineret.
876 869 1010 914 postea
1042 863 1079 901 id
1114 876 1268 914 quoque
1302 866 1478 916 accessit,

133 929 176 961 ut
210 923 390 960 saevitiae
424 933 580 960 causam
613 923 770 960 avaritia
802 921 1009 973 praeberet
1041 928 1078 960 et
1111 922 1249 961 modus
1271 922 1406 973 culpae
1432 935 1476 961 ex

132 983 322 1032 pecuniae
356 979 469 1018 modo
497 982 806 1018 constitueretur
826 987 865 1019 et
886 982 952 1031 qui
973 981 1110 1018 fnisset
1142 980 1334 1033 locuples,
1368 982 1477 1019 fieret

132 1041 166 1078 is
198 1051 362 1090 nocens,
395 1040 534 1089 suique
556 1040 720 1089 quisque
742 1038 907 1089 periculi
927 1051 1079 1077 merces
1112 1039 1230 1090 soret,
1263 1051 1333 1078 nec
1369 1040 1476 1090 quid-

134 1109 249 1148 quam
281 1097 480 1135 videretur
512 1103 646 1148 turpe,
679 1097 782 1147 qnod
815 1104 919 1135 esset
952 1103 1241 1147 quaestuosum.

252 1153 318 1194 23.
371 1154 596 1193 Secundum
628 1155 767 1193 deinde
799 1155 1045 1193 consulatum
1066 1155 1187 1194 Cinna
1208 1162 1246 1194 et
1268 1157 1478 1206 septimum

132 1213 277 1252 Marius
309 1215 349 1252 in
381 1215 559 1264 priorum
594 1213 764 1252 dedecus
797 1215 900 1265 iniit,
939 1215 1051 1251 cuius
1090 1215 1199 1252 initio
1239 1213 1375 1252 morbo
1412 1227 1477 1265 op-

134 1285 295 1324 pressus
334 1272 519 1323 decessit,
564 1274 622 1310 vir
660 1274 700 1310 in
744 1272 844 1310 bello
889 1271 1084 1324 hostibus,
1128 1274 1168 1310 in
1210 1274 1287 1311 otio
1328 1272 1475 1311 civibus

134 1331 412 1369 infestissimus
445 1331 667 1380 quietisque
700 1332 1074 1382 impatientissimus.
1126 1332 1165 1369 in
1199 1330 1315 1369 huius
1348 1331 1476 1369 locum

134 1390 321 1428 suffectus
354 1388 528 1427 Valerius
570 1388 749 1441 Flaccus,
787 1390 1036 1440 turpissimae
1075 1388 1171 1440 legis
1210 1395 1363 1442 auctor,
1404 1402 1479 1440 qua

135 1447 397 1487 creditoribus
432 1447 687 1498 quadrantem
720 1447 815 1485 solvi
847 1449 1032 1499 iusserat,
1072 1449 1183 1486 cuius
1217 1449 1308 1486 sacti
1340 1450 1478 1486 merita

135 1519 223 1545 eum
262 1518 385 1557 poena
424 1507 525 1544 intra
564 1505 765 1544 biennium
808 1512 1017 1544 consecuta
1050 1512 1119 1544 est.
1183 1506 1404 1544 dominante
1438 1508 1475 1544 in

133 1565 238 1604 Italia
274 1564 392 1602 Cinna
434 1566 554 1602 maior
592 1576 682 1615 pars
721 1563 933 1602 nobilitatis
967 1565 1011 1602 ad
1046 1564 1191 1603 Sullam
1225 1566 1263 1602 in
1296 1565 1476 1603 Achaiam

134 1636 175 1662 ac
222 1623 360 1661 deinde
406 1628 495 1674 post
539 1624 577 1661 in
622 1623 751 1661 Asiam
795 1624 978 1673 perfugit.
1047 1622 1150 1661 Sulla
1189 1624 1346 1661 interim
1387 1633 1526 1661 cumm-

133 1682 367 1720 Mithridatis
411 1682 620 1732 praesectis
663 1683 764 1720 circa
802 1681 971 1719 Athenas
1010 1680 1285 1731 Boeotiamque
1326 1688 1363 1719 et
1402 1681 1476 1719 Ma-

135 1741 336 1779 cedoniam
356 1741 407 1777 ita
429 1740 641 1792 dimicavit,
673 1745 716 1778 ut
748 1746 786 1778 ct
818 1739 987 1778 Athenas
1010 1741 1200 1790 reciperet
1238 1747 1272 1778 et
1308 1740 1477 1791 plurimo

135 1801 235 1837 circa
275 1798 500 1849 multiplicis
539 1798 666 1836 Piraei
705 1804 843 1849 portus
884 1800 1121 1836 munitiones
1160 1797 1290 1836 labore
1325 1798 1476 1849 expleto

135 1857 298 1909 amplius
332 1857 497 1895 ducenta
532 1857 635 1895 milia
662 1857 831 1895 hostium
853 1857 1093 1895 interficeret
1115 1869 1185 1895 nec
1208 1859 1336 1895 minus
1357 1856 1476 1895 multa

136 1922 303 1967 caperet.
357 1917 389 1953 si
423 1917 509 1965 quis
542 1915 614 1953 hoc
647 1915 859 1954 rebellandi
892 1922 1064 1967 tempus,
1097 1928 1172 1965 quo
1206 1915 1376 1953 Athenae
1411 1928 1475 1965 op-
1497 1925 1511 1947 ε’,

134 1981 327 2026 pugnatae
367 1986 385 2011 a
429 1973 531 2011 Sulla
575 1980 682 2026 sunt,
721 1976 884 2025 imputat
929 1973 1247 2025 Atheniensibus,
1293 1975 1477 2011 nimirum

135 2035 216 2072 veri
249 2034 530 2083 vetustatisque
564 2034 723 2081 ignarus
756 2038 832 2071 est:
883 2033 977 2071 adeo
1011 2034 1115 2070 enim
1142 2038 1246 2069 certa
1269 2031 1476 2069 Athenien-

135 2094 236 2131 sium
274 2094 312 2130 in
351 2091 546 2129 Romanos
587 2091 680 2129 tides
720 2092 809 2143 suit,
851 2097 894 2129 ut
933 2103 1086 2142 semper
1125 2096 1163 2128 et
1200 2091 1239 2128 in
1279 2091 1383 2128 omni
1423 2102 1478 2142 re,

1500 1049 1531 1072 15»

1498 1341 1530 1366 ‘20

233 2232 274 2262 14
306 2227 436 2262 *fieret
470 2228 644 2262 innocens
671 2228 754 2271 ΛΡ,
781 2228 804 2262 f.
831 2238 965 2262 nocens
991 2238 1021 2261 v.
1169 2231 1211 2260 15
1239 2226 1365 2270 suique
1393 2227 1478 2261 Aci·
1517 2247 1521 2252 -

135 2275 275 2309 dalius:
303 2275 357 2308 sni
385 2274 460 2308 ΑΡ
555 2279 598 2309 26
626 2274 866 2318 Boetiamque
892 2275 926 2308 A
1024 2276 1067 2308 28
1095 2273 1190 2308 Pirei
1217 2273 1291 2307 ΑΡ

546 2434 563 2459 ἱ
