1635 2572
143 291 160 321 4

148 933 163 962 1

182 116 237 156 82
833 112 866 146 ΙΙ

183 224 342 264 consilia
375 236 444 263 sua
477 224 662 261 comitatu
695 221 807 272 fugae
841 221 1099 271 fortunaeque
1132 231 1173 258 se
1207 222 1417 272 commisit,
1458 232 1517 259 se-

184 290 262 322 met
300 285 382 334 ipso
423 286 630 320 contentus
669 278 766 317 duce
805 280 984 330 partium.
1054 278 1201 316 Statius
1238 278 1414 330 Murcus,
1452 279 1519 329 qui

185 342 297 380 classi
331 347 368 379 et
400 338 597 378 custodiae
631 339 747 376 maris
780 338 1019 388 praefuerat,
1057 348 1146 375 cum
1179 338 1283 375 omni
1315 338 1520 375 commissa

185 400 257 438 sibi
290 405 398 450 parte
432 398 628 436 exercitus
660 397 891 446 naviumque
915 394 1001 433 Sex.
1022 394 1268 446 Pompeium,
1301 394 1367 433 Cn.
1395 394 1521 445 Magni

184 458 323 509 filium,
367 457 433 506 qui
474 467 521 494 ex
559 453 745 505 IIispania
790 459 991 492 revertens
1033 453 1203 491 Siciliam
1247 454 1364 491 armis
1407 462 1557 491 occu-⁵

144 524 163 553 εἴ»
185 520 359 567 paverat,
403 515 525 565 petiit.
592 513 637 551 ad
683 524 799 563 quem
843 518 882 550 et
925 526 945 549 e
983 510 1180 550 Brutianis
1219 513 1357 550 castris
1395 516 1434 550 et
1476 523 1523 550 ex

185 574 291 612 ltalia
342 572 503 623 aliisque
555 578 749 610 terrarum
798 570 993 622 partibuS,
1040 582 1137 621 quos
1182 571 1378 621 praesenti
1422 571 1522 621 peri-

186 632 273 671 culo
318 632 474 670 fortuna
513 630 768 681 subduxerat,
811 630 1019 680 proscripti
1059 628 1323 667 confluebant:
1380 629 1523 679 quippe

186 690 336 729 nullum
391 688 626 728 habentibus
682 693 826 726 statum
876 687 1038 738 quilibet
1089 687 1165 725 dux
1217 692 1299 725 erat
1347 686 1524 738 idoneus,

187 761 275 788 cum
309 750 464 787 fortuna
497 760 574 785 non
607 746 838 786 electionem
870 746 997 797 daret,
1033 747 1105 785 sed
1140 747 1363 796 perfugium
1395 750 1523 783 osten·
1546 754 1579 779 ιο

187 807 298 846 deret
348 806 619 856 exitialemque
670 810 942 856 tempestatem
997 803 1237 854 fugientibus
1287 805 1400 842 statio
1453 814 1524 854 pro

186 872 303 917 portu
336 868 447 904 foret.

307 922 372 962 73.
446 923 517 961 Hic
568 922 797 961 adulescens
848 927 931 960 erat
980 920 1118 959 studiis
1169 920 1295 971 rudis,
1345 931 1525 958 sermone

188 982 395 1034 barbarus,
438 983 586 1032 impetu
625 986 828 1032 strenuus,
873 991 988 1018 manu
1026 984 1248 1030 promptuS,
1293 979 1525 1029 cogitatione

188 1041 310 1093 celer,
354 1040 427 1078 fide
466 1042 568 1090 patri
605 1039 904 1089 dissimillimus,
944 1037 1175 1075 libertorum
1213 1048 1374 1075 suorum
1412 1035 1525 1074 liber-
1548 1045 1580 1071 15

189 1106 252 1138 tus
293 1109 575 1148 servorumque
621 1109 774 1148 servus,
817 1097 1005 1146 speciosis
1050 1094 1243 1146 invidens,
1288 1100 1331 1133 ut
1373 1100 1529 1145 pareret

149 1157 433 1196 ehumillimis:
496 1167 612 1206 quem
659 1160 816 1193 senatus
866 1166 989 1205 paene
1034 1159 1137 1192 totus
1182 1153 1305 1191 adhuc
1352 1164 1371 1191 e
1415 1152 1528 1191 Pom-

187 1217 336 1268 peianis
382 1220 564 1254 constans
606 1213 782 1264 partibus
828 1218 917 1263 post
954 1212 1111 1250 Antonii
1149 1224 1170 1250 a
1206 1211 1353 1250 Mutina
1398 1212 1527 1262 sugam

189 1274 326 1313 eodem
366 1273 431 1311 illo
469 1278 663 1324 tempore,
708 1283 784 1322 quo
829 1270 950 1309 Bruto
995 1269 1206 1320 Cassioque
1250 1271 1529 1308 transmarinas

188 1333 407 1384 provincias
451 1331 694 1381 decreverat,
745 1335 968 1368 revocatum
1012 1340 1058 1367 ex
1100 1328 1301 1380 Hispania,
1351 1328 1418 1366 ubi
1463 1328 1526 1366 ad·
1547 1338 1582 1364 20

189 1403 327 1435 versus
375 1401 464 1428 cum
508 1388 767 1428 clarissimum
817 1387 961 1426 bellum
1004 1386 1126 1426 Pollio
1170 1387 1328 1425 Asinius
1377 1392 1528 1437 praeto-

191 1451 272 1488 rius
311 1452 502 1499 gesserat,
540 1449 580 1486 in
623 1452 785 1498 paterna
828 1445 929 1484 bona
970 1447 1197 1484 restituerat
1234 1450 1273 1483 et
1315 1457 1405 1483 orae
1451 1456 1527 1483 ma-

192 1509 343 1546 ritimae
391 1506 643 1558 praefecerat.
710 1507 743 1544 is
788 1510 888 1557 tum,
933 1510 976 1542 ut
1018 1504 1297 1555 praediximus,
1341 1509 1528 1554 occupata

193 1566 322 1605 Sicilia
373 1566 529 1604 servitia
578 1565 838 1615 fugitivosque
887 1564 927 1601 in
971 1574 1178 1601 numerum
1228 1563 1423 1600 exercitus
1468 1562 1529 1600 sui

192 1626 386 1676 recipiens
418 1635 601 1674 magnum
638 1622 797 1661 modum
831 1621 1028 1672 legionum
1060 1621 1242 1659 effecerat
1273 1632 1420 1671 perque
1453 1619 1530 1658 Me-
1549 1629 1583 1656 25

192 1695 281 1722 nam
313 1688 352 1721 et
378 1682 625 1721 Menecraten
658 1686 841 1732 paternos
874 1679 1052 1731 libertos,
1085 1680 1303 1729 praefectos
1336 1678 1530 1730 classium,

192 1741 406 1780 latrociniis
452 1753 495 1779 ac
538 1739 855 1791 praedationibus
899 1739 1080 1776 infestato
1119 1738 1214 1775 mari
1256 1736 1302 1775 ad
1341 1749 1382 1775 se
1421 1748 1529 1775 exer-

193 1802 392 1851 citumque
439 1799 626 1838 tuendum
669 1803 780 1849 rapto
824 1796 1025 1849 utebatur,
1075 1808 1164 1835 cum
1211 1807 1301 1834 eum
1344 1807 1422 1833 non
1466 1794 1530 1833 de·

290 1952 310 1981 2
339 1947 476 1981 Statius
511 1947 680 1981 Ursinus:
709 1946 834 1980 Status
860 1945 907 1987 A,
934 1944 1054 1978 Staius
1083 1944 1118 1978 P
1224 1947 1245 1977 4
1271 1942 1431 1977 exercitu
1457 1941 1534 1975 ΑΡ

267 1998 287 2029 6
313 1994 419 2039 petiit
445 1993 629 2028 Gelenius-2
664 1993 760 2037 petit
783 1991 859 2026 ΑΡ
879 1992 884 2035 Ι
907 1991 953 2025 ad
979 2002 1087 2034 quem
1114 1991 1151 2024 et,
1175 2000 1194 2024 e
1223 1989 1272 2023 P:
1312 1988 1429 2032 adque
1463 1990 1531 2031 (at-

195 2052 265 2086 que
291 2042 341 2085 A>
367 2051 425 2074 me
452 2041 480 2074 T
507 2052 526 2074 e
555 2041 636 2074 MA
793 2044 812 2073 9
840 2038 964 2072 statim
990 2038 1141 2081 Lipsius
1162 2036 1339 2079 probante
1364 2035 1532 2079 Hauptae'o

195 2090 246 2122 im
271 2088 393 2122 Silehs.
421 2087 661 2131 Sitzunysber.
689 2098 720 2121 α.
750 2089 851 2128 1849,
880 2089 944 2119 199
1044 2087 1086 2117 10
1113 2083 1175 2117 sed
1201 2083 1284 2117 add.
1312 2082 1480 2116 Gelenius

199 2140 241 2169 13
268 2135 367 2169 rudis
394 2134 423 2168 is
451 2145 615 2169 sermone
643 2162 649 2168 .
673 2162 679 2168 .
702 2162 708 2168 .
738 2134 929 2167 strennuus
955 2130 990 2165 A
1123 2134 1163 2164 14
1190 2129 1414 2173 cogitatione
1440 2128 1531 2163 Rhe-

197 2192 332 2216 nanus:
361 2181 543 2224 cogitator
562 2181 647 2223 ΛΡ,
673 2191 723 2214 cm
748 2178 942 2223 cogitando
958 2182 973 2212 ¹?
1072 2180 1113 2211 18
1140 2175 1280 2211 antonii
1300 2177 1329 2209 A
1355 2175 1534 2210 mutinam

201 2230 257 2271 ᾸῙ,
284 2240 345 2263 cm.
371 2224 508 2271 Βὶινσνς
544 2227 791 2262 Antonianam
817 2226 942 2270 sugam
968 2223 1043 2259 ΑΡ
1160 2227 1203 2258 23
1233 2223 1342 2257 istum
1368 2222 1443 2257 ΑΡ

200 2280 242 2308 25
271 2287 334 2319 lwr
359 2286 466 2318 quem
493 2276 527 2308 A
