1635 2572
210 135 261 175 78
864 133 893 166 11

168 253 182 281 1
326 241 393 282 68.
458 243 536 281 Suo
581 243 837 292 praeteritum
881 241 965 279 loco
1009 242 1221 291 reseratur3
1272 253 1396 292 neque
1441 243 1545 280 enim

209 314 375 352 persona
410 301 586 339 umbram
618 305 724 337 actae
758 300 814 337 rei
847 300 959 350 capit.
1019 299 1110 337 dum
1142 300 1180 337 in
1213 301 1294 337 acie
1326 299 1544 338 Pharsalica

209 362 351 397 acriter
383 359 429 396 de
463 369 612 396 summa
645 369 777 396 rerum
810 356 950 395 Caesar
988 356 1162 407 dimicat,
1198 356 1244 395 M.
1279 356 1449 409 Caelius,
1485 359 1543 396 vir

209 417 362 466 eloquio
396 418 601 466 animoque
626 414 786 454 Curioni
819 415 1053 467 simillimus,
1086 415 1153 453 sed
1186 417 1225 453 in
1259 422 1425 466 utroque
1456 427 1543 466 per-

210 477 347 512 fectior
397 486 468 512 nec
519 475 648 512 minus
698 475 898 524 ingeniose
944 485 1127 524 nequam,
1171 485 1260 512 cum
1304 486 1351 512 ne
1396 473 1580 512 modicas

210 532 367 582 quidem
399 544 445 570 re
477 533 623 570 servari
655 538 785 583 posset
829 527 991 584 (quippe
1025 533 1134 582 peior
1166 531 1218 569 illi
1252 543 1315 570 res
1348 531 1545 571 familiaris

166 599 185 628 ‘2
207 603 322 641 quam
355 602 464 628 mens
496 586 621 643 erat),
655 592 695 629 in
726 596 908 641 praetura
942 602 1128 628 novarum
1159 589 1378 638 tabularum
1409 596 1546 629 auc-tor

208 651 334 687 extitit
366 651 593 699 nequiitque
627 654 785 687 senatus
817 655 855 686 et
888 648 1059 686 consulis
1086 650 1315 687 auctoritate
1336 648 1545 700 deterreri3

207 709 330 746 accito
351 709 466 746 etiam
487 707 626 745 Milone
648 708 790 758 Annio,
824 708 890 757 qui
914 719 990 745 non
1011 708 1216 757 impetrato
1237 707 1365 745 reditu
1387 706 1544 745 Iulianis

206 765 382 817 partibus
415 766 581 804 infestus
614 771 713 817 erat,
746 766 784 803 in
817 764 913 803 urbe
947 764 1195 816 seditionem,
1234 767 1274 803 in
1306 767 1408 816 agris
1441 765 1542 804 haud
1563 776 1597 801 ιο

207 824 358 862 occulte
402 824 584 862 bellicum
629 823 837 862 tumultum
883 835 1058 874 movens,
1103 825 1227 874 primo
1267 829 1484 862 summotus
1523 835 1544 861 a

208 895 250 921 re
290 882 462 933 publica,
501 894 589 920 mox
628 881 898 920 consularibus
930 883 1047 919 armis
1079 887 1237 920 auctore
1271 887 1408 920 senatu
1441 883 1543 920 circa

167 940 375 979 3Thurios
413 952 625 991 oppressus
663 947 732 978 est.
802 943 838 978 e'n
880 941 1034 990 incepto
1078 941 1161 990 pari
1202 939 1338 978 similis
1387 940 1542 978 fortuna

207 999 360 1037 Milonis
398 1000 487 1050 suit,
532 1000 598 1049 qui
631 998 833 1049 Compsam
876 999 914 1036 in
947 997 1121 1048 Hirpinis
1159 1010 1387 1049 oppugnans
1425 1000 1542 1037 ictus-

208 1069 282 1107 que
315 1057 439 1107 lapide
473 1069 561 1095 cum
593 1056 632 1094 P.
655 1056 806 1108 Clodio,
839 1063 920 1094 tum
953 1058 1117 1107 patriae,
1150 1068 1265 1106 quam
1288 1058 1404 1094 armis
1437 1063 1541 1107 pete·
1564 1067 1596 1092 15

207 1115 288 1166 bat,
320 1127 464 1166 poenas
497 1114 618 1166 dedit,
651 1116 708 1152 vir
740 1116 892 1164 inquies
925 1120 963 1152 et
995 1113 1094 1152 ultra
1127 1114 1268 1152 sortem
1300 1116 1542 1153 temerarius.

167 1179 401 1223 iquatenus
439 1178 568 1212 autem
606 1172 750 1222 aliquid
789 1184 835 1210 ex
874 1173 1027 1210 omissis
1064 1179 1172 1224 petO,
1213 1178 1370 1211 notetur
1408 1174 1542 1211 immo·

208 1231 291 1269 dica
324 1237 362 1270 et
394 1232 665 1282 intempestiva
703 1230 879 1269 libertate
918 1242 1010 1268 usos
1043 1230 1227 1269 adversus
1266 1230 1304 1269 C.
1339 1230 1542 1270 Caesarem

208 1289 413 1327 Marullum
433 1289 614 1340 Epidium
635 1288 869 1339 Flavumque
895 1288 1113 1327 Caesetium
1146 1288 1325 1327 tribunos
1356 1289 1419 1342 pl.,
1450 1289 1542 1328 dum

208 1353 377 1398 arguunt
408 1349 446 1385 in
480 1359 524 1386 eo
557 1349 667 1398 regni
699 1347 952 1398 voluntatem,
993 1358 1115 1397 paene
1153 1348 1229 1385 vim
1267 1347 1595 1386 dominationiS20

166 1412 399 1456 sexpertos.
461 1407 500 1444 in
539 1405 611 1444 hoc
652 1411 779 1444 tamen
817 1417 930 1456 saepe
970 1405 1139 1443 lacessiti
1170 1406 1358 1456 principis
1390 1407 1445 1444 ira
1478 1418 1540 1445 ex-

208 1466 342 1516 cessit,
381 1470 425 1502 ut
462 1465 639 1502 censoria
676 1465 806 1514 potius
845 1468 1052 1502 contentus
1094 1469 1182 1501 nota
1221 1475 1336 1514 quam
1373 1464 1540 1503 animad-

207 1524 384 1561 versione
418 1522 620 1561 dictatoria
653 1528 915 1560 summoveret
947 1533 1013 1560 eos
1037 1533 1056 1559 a
1078 1534 1118 1560 re
1139 1521 1293 1573 publica
1315 1527 1541 1561 testaretur·

207 1593 281 1631 que
320 1592 405 1619 esse
445 1580 518 1619 sibi
556 1581 837 1632 miserrimum,
878 1579 979 1631 quod
1019 1585 1084 1618 aut
1125 1586 1260 1618 natura
1299 1592 1367 1619 sua
1405 1582 1439 1618 ei
1477 1592 1540 1619 ex-

207 1639 424 1677 cedendum
463 1640 563 1677 soret
600 1644 666 1677 aut
697 1637 905 1677 minuenda
938 1638 1115 1688 dignitas.
1178 1637 1245 1676 sed
1283 1638 1327 1676 ad
1364 1638 1541 1677 ordinem

206 1698 479 1736 revertemlum
512 1702 582 1735 est.

301 1791 320 1820 3
348 1786 480 1821 aeriter
505 1785 651 1830 Haupt:
678 1785 875 1829 Afrieaque
901 1785 986 1828 ΑΡ,
1013 1785 1183 1830 circaque
1209 1786 1359 1830 Lipsius

207 1837 226 1866 5
252 1844 296 1867 ne
329 1833 474 1867 modica
505 1833 651 1876 quidem
682 1844 720 1867 re
746 1834 879 1867 Aldus:
913 1832 1111 1867 immodica
1142 1832 1192 1876 (in
1218 1832 1363 1868 modica
1390 1832 1438 1876 P)
1463 1833 1541 1877 qui-

207 1879 288 1913 dem
309 1880 395 1921 ΑΡ,
420 1891 464 1913 ne
491 1880 528 1913 in
554 1880 699 1914 modica
724 1879 870 1923 quidem
898 1879 967 1913 fide
995 1880 1151 1924 flladciy
1176 1880 1269 1914 Ado.
1297 1879 1340 1922 ΙΙ,
1361 1883 1440 1922 305ς
1466 1881 1542 1923 ipse

207 1927 328 1960 malim
353 1937 397 1960 ne
425 1926 619 1960 immodica
646 1926 793 1969 quidem
818 1937 856 1960 re
886 1927 951 1969 (vel
977 1925 1061 1969 fide)
1182 1929 1202 1959 8
1229 1928 1264 1960 et
1291 1926 1450 1960 consulis
1477 1927 1541 1970 (sic

207 1974 280 2007 viam
299 1972 463 2016 Lipsius)
485 1975 620 2007 auctor.
644 1973 812 2008 Cludius:
840 1974 876 2007 et
899 1972 1117 2007 auctoritate
1138 1972 1262 2006 COSS.
1283 1972 1367 2010 ΑΡ,
1393 1974 1540 2007 senatus

208 2019 374 2054 consulto
402 2021 439 2053 et
464 2022 558 2053 auct.
587 2031 682 2054 cons.
714 2020 824 2054 Orelli
928 2023 947 2053 9
974 2019 1170 2063 impetrato
1199 2019 1246 2052 1’:
1280 2019 1479 2063 imperator
1504 2020 1539 2053 A

280 2071 321 2100 10
353 2066 390 2100 in
422 2066 519 2109 agris
552 2066 650 2100 haud
679 2067 892 2101 Mommsen:
931 2065 1029 2100 haud
1064 2066 1181 2109 magis
1207 2065 1289 2107 ΑΡ,
1317 2067 1355 2099 at.
1379 2065 1415 2099 in
1442 2066 1540 2110 agris

206 2113 307 2157 λιφε.
407 2118 448 2146 13
476 2113 605 2147 'furios
631 2113 732 2156 211²}
754 2113 791 2147 in
817 2113 900 2147 add.
929 2112 1094 2156 madviq,
1120 2112 1156 2146 in
1184 2114 1314 2156 coepto
1338 2112 1482 2147 Vossius

209 2165 250 2194 14
277 2160 406 2204 Irpinis
433 2159 508 2193 ΑΡ
623 2164 662 2193 15
691 2171 771 2194 eum
801 2160 925 2193 Orelli:
952 2161 1029 2192 tuni
1056 2158 1132 2192 ΛΡ
1251 2164 1291 2193 16
1318 2158 1449 2193 fortem
1477 2159 1539 2193 M:

207 2209 340 2240 ¹sortem
368 2206 444 2240 ΑΙ)
541 2210 581 2240 17
609 2209 735 2251 repeto
763 2207 936 2241 Heinsius
1035 2209 1074 2239 19
1103 2204 1309 2240 Caesetium
1337 2206 1397 2240 M:
1428 2206 1540 2240 Caeso

207 2253 317 2286 etium
346 2255 377 2286 A
388 2253 421 2286 1²
441 2255 445 2296 Ι
468 2253 578 2287 duum
604 2254 639 2288 A
749 2258 791 2288 :20
818 2253 890 2287 uim
918 2251 1138 2287 Domitianis
1165 2254 1198 2286 A
1309 2256 1351 2287 :22
1379 2254 1539 2287 contem-

206 2303 289 2344 ptus
319 2300 397 2333 MA
1487 2304 1491 2308 ⁴
