1635 2572
148 135 204 176 94
802 134 834 167 11

109 258 126 286 1
267 242 334 284 88.
384 243 482 282 Dum
515 242 690 280 ultimam
722 241 822 279 bello
850 242 1005 280 Actiaco
1032 241 1369 293 Alexandrinoque
1395 243 1486 282 Cae-

150 315 212 342 sar
256 304 420 353 imponit
464 311 638 351 manum,
683 299 730 337 M.
775 298 962 351 Lepidus,
1012 301 1162 338 iuvenis
1208 301 1330 338 forma
1373 313 1488 352 quam

150 367 278 400 mente
313 360 466 410 melior,
499 357 634 409 Lepidi
667 359 769 409 eius,
807 359 872 408 qui
905 359 1085 395 triumvir
1117 358 1244 396 suerat
1275 360 1333 397 rei
1365 359 1487 410 publi-

150 432 215 458 cae
249 417 562 468 constituendae,
595 416 714 467 filius,
749 415 856 454 lunia
888 415 1000 454 Bruti
1032 428 1166 454 sorore
1200 422 1330 469 natus,
1368 419 1487 456 inter—

150 477 322 528 ficiendi,
372 474 487 514 simul
537 477 576 513 in
627 474 765 513 urbem
810 475 1053 526 revertisset,
1103 474 1279 513 Caesaris
1329 475 1489 514 consilia
1508 483 1524 510 5

109 549 128 579 ρ
149 537 302 575 inierat.
352 540 441 573 erat
473 540 566 572 tunc
593 532 702 571 urbis
729 532 916 571 custodiis
944 534 1189 583 praepositus
1222 532 1260 571 C.
1287 533 1490 572 Maecenas

150 594 342 644 equestri,
375 592 442 631 sed
469 591 671 643 splendido
697 603 840 642 genere
868 597 999 642 natus,
1031 593 1100 642 vir,
1132 590 1198 629 ubi
1228 603 1291 630 res
1316 592 1490 642 ¹vigiliam

150 654 340 703 exigeret,
379 663 470 689 sane
509 651 722 701 exsomnis,
766 649 974 700 providens
1019 655 1134 699 atque
1174 649 1311 700 agendi
1350 652 1490 702 sciens,

151 710 266 749 simul
298 721 389 748 vero
422 708 566 759 aliquid
599 720 646 747 ex
673 709 827 758 negotio
855 709 1000 746 remitti
1026 714 1176 759 posset,
1209 709 1287 746 otio
1320 721 1363 747 ac
1396 708 1489 747 mol-

149 769 242 807 litiis
285 779 408 819 paene
453 767 555 806 ultra
600 768 781 805 seminam
827 766 970 817 fluens,
1021 778 1097 804 non
1148 768 1277 804 minus
1321 768 1543 818 Agrippam

151 826 307 866 Caesari
334 838 465 878 carus,
492 825 559 864 sed
587 826 715 863 minus
742 824 955 863 honoratus
975 826 1195 875 —quippe
1223 826 1316 862 vixit
1336 827 1490 876 angusti

150 885 245 924 clavi
264 882 406 936 †pene
428 889 635 923 contentus
657 905 723 934 —‚
756 895 827 921 nec
854 885 1003 921 minora
1023 884 1211 933 consequi
1243 885 1387 934 potuit,
1420 883 1488 922 sed

109 959 129 989 3
151 956 229 983 non
250 951 327 982 tam
347 944 581 994 concupivit.
614 942 676 981 hic
697 941 920 992 speculatus
940 946 1000 979 est
1018 953 1089 992 per
1109 953 1297 979 summam
1319 943 1490 992 quietem

151 1014 194 1041 ac
227 1001 575 1040 dissimulationem
606 1001 831 1051 praecipitis
857 999 1017 1038 consilia
1050 1001 1200 1038 iuvenis
1232 1005 1271 1038 et
1300 1001 1396 1038 mira
1429 1012 1489 1038 ce-

150 1060 301 1099 leritate
334 1059 516 1110 nullaque
550 1071 638 1097 cum
670 1057 965 1109 perturbatione
1004 1063 1070 1096 aut
1101 1068 1234 1095 rerum
1272 1064 1337 1096 aut
1369 1058 1489 1096 homi—
1511 1067 1543 1092 15

151 1130 245 1157 num
283 1129 470 1169 oppresso
509 1116 654 1167 Lepido
693 1118 847 1154 inmane
887 1117 975 1154 novi
1019 1128 1062 1154 ac
1101 1117 1364 1154 resurrecturi
1402 1116 1492 1154 belli

153 1176 275 1216 civilis
307 1177 490 1215 restinxit
520 1176 692 1226 initium3
731 1180 770 1213 et
800 1174 862 1212 ille
897 1173 1052 1225 quidem
1091 1173 1188 1212 male
1221 1174 1492 1213 consultorum

152 1247 297 1286 poenas
329 1234 502 1273 exsolvit.
559 1239 748 1284 aequetur
779 1232 999 1283 praedictae
1033 1234 1108 1270 iam
1140 1232 1297 1271 Antistii
1330 1232 1491 1271 Servilia

152 1293 286 1344 Lepidi
325 1304 440 1344 uxor,
481 1304 579 1342 quae
618 1293 702 1329 vivo
740 1292 819 1341 igni
858 1291 1040 1329 devorato
1080 1296 1326 1341 praematura
1365 1297 1490 1330 morte

151 1351 409 1391 immortalem
442 1351 610 1388 nominis
642 1351 703 1388 sui
733 1351 910 1400 pensavit
940 1351 1177 1388 memoriam.
1510 1358 1546 1384 20

114 1429 132 1459 1
272 1407 338 1449 89.
401 1408 542 1447 Caesar
574 1414 702 1446 autem
734 1420 916 1446 reversus
954 1409 994 1445 111
1027 1407 1173 1445 ltaliam
1205 1413 1320 1458 atque
1353 1406 1491 1446 urbem

154 1481 231 1520 quo
258 1479 444 1519 occursu,
471 1478 547 1518 quo
575 1467 703 1505 favore
730 1466 931 1505 hominum
957 1467 1131 1504 omnium
1154 1477 1358 1514 qenernm,
1391 1471 1490 1504 aeta-

154 1529 269 1579 tium,
314 1526 495 1565 ordinum
540 1531 726 1576 exceptus
769 1526 835 1576 sit,
885 1536 983 1575 quae
1027 1525 1311 1575 magnificentia
1355 1525 1490 1563 trium-

153 1585 322 1637 phorum
353 1586 456 1636 eius,
488 1595 586 1635 quae
618 1584 738 1622 fuerit
763 1594 989 1634 munerum,
1020 1594 1068 1621 113
1100 1584 1140 1621 111
1173 1584 1302 1634 operis
1334 1581 1491 1633 quidem

250 1737 270 1768 6
296 1733 376 1767 erat
399 1732 482 1768 adel.
511 1731 668 1776 Madviy
740 1734 759 1764 7
784 1729 961 1774 equestris
988 1731 1025 1764 et
1049 1729 1124 1764 ΑΡ
1195 1732 1215 1764 8
1241 1729 1405 1764 exomnis
1418 1729 1494 1764 ΑΡ

158 1780 162 1824 1
196 1779 356 1825 prudens
387 1780 422 1813 A
545 1783 586 1813 12
618 1788 711 1822 pene
742 1777 832 1812 AP:
864 1777 934 1811 fine
966 1777 1158 1819 Heinsius,
1191 1777 1311 1821 specie
1342 1777 1490 1821 Zumpt3

155 1828 379 1862 coniecerunt
405 1827 472 1860 αἶίιῖ
496 1826 651 1867 honore,
676 1834 853 1868 purpura,
878 1834 1018 1868 panno,
1044 1824 1174 1867 quibus
1192 1824 1404 1858 coniecturis
1428 1823 1491 1858 ad-

155 1874 236 1908 dere
264 1874 381 1916 possis
413 1872 617 1907 subtemine
649 1872 701 1906 vel
732 1882 917 1913 mensura,
949 1874 989 1904 ut
1020 1871 1116 1904 (lixit
1150 1869 1301 1904 Ovidius
1323 1869 1431 1903 Trist.
1458 1874 1490 1912 4,

157 1924 218 1963 10,
245 1924 288 1954 35
322 1919 416 1954 clavi
448 1929 618 1953 mensura
649 1919 777 1952 coacta
808 1920 864 1952 est
905 1918 909 1962 Ι
950 1917 1070 1951 minus
1100 1916 1242 1951 maiora
1271 1917 1316 1950 A.
1347 1916 1490 1958 Τι’ΐΐῖενς

156 1971 195 2002 at
227 1966 266 2002 V.
294 1967 363 2001 ait:
392 1969 422 2000 et
447 1977 520 1999 'non
544 1966 687 2000 minora
712 1966 750 2008 (i.
776 1974 803 2000 e.
829 1974 936 2008 aeque
961 1965 1107 2007 magna)
1135 1974 1242 2008 quam
1267 1963 1437 2006 Agrippa
1462 1972 1490 1997 e.

150 2025 190 2058 p.
291 2017 331 2048 17
358 2012 568 2047 incendium
594 2012 762 2046 Herelius
868 2014 910 2045 18
935 2010 1117 2045 Antistiae
1142 2010 1225 2051 211²,
1251 2020 1312 2043 em.
1347 2009 1493 2043 Vossius

254 2064 296 2094 19
321 2061 593 2105 praematuram
619 2060 776 2093 mortem
803 2058 903 2101 MA,
929 2068 990 2091 em.
1015 2057 1152 2098 Burcr;
1183 2068 1217 2100 p.
1243 2057 1399 2090 moriem
1424 2056 1490 2090 im-

157 2107 307 2141 mortali
334 2135 340 2141 .
368 2135 374 2141 .
403 2135 410 2141 .
437 2106 615 2140 memoria
643 2106 691 2147 1¹3
719 2109 756 2139 at
781 2116 810 2139 v.
841 2104 966 2138 Madv.
994 2103 1085 2137 Aac.
1114 2103 1163 2144 ll,
1190 2106 1256 2136 307
1349 2106 1391 2136 22
1418 2113 1491 2146 quo

159 2165 311 2189 occursu
324 2153 491 2197 Lipsius:
519 2163 689 2187 occursus
709 2152 784 2185 ΑΙ)
805 2153 808 2192 Ι
831 2150 981 2185 *favore
1002 2150 1162 2184 onmium
1185 2149 1372 2183 hominum
1393 2151 1492 2183 aeta-

157 2201 250 2235 tium
265 2201 354 2242 ΑΡς
372 2201 488 2244 possis
507 2201 611 2234 etiam
634 2199 796 2233 omnium
816 2198 1005 2232 hominum
1027 2196 1187 2230 omnium
1209 2207 1401 2239 generum,
1422 2197 1492 2232 aet.

159 2251 231 2290 ete,
257 2251 295 2280 ut
322 2250 369 2280 est
396 2248 435 2281 in
463 2246 533 2281 Cic.
561 2256 611 2281 or.
641 2246 716 2279 I'ae's.
743 2250 762 2287 ξι
783 2248 826 2279 96
853 2255 977 2279 omnes
1003 2242 1178 2278 mortales
1204 2243 1365 2277 omnium
1385 2252 1500 2287 gene--

159 2305 257 2337 rum,
284 2295 464 2332 aetatum,
493 2293 660 2327 ordinum
686 2295 746 2326 etc.
