1635 2572
183 130 239 171 24
839 132 872 165 ΙΙ

183 240 286 290 quod
319 240 524 290 aliquando
558 240 641 290 lege
674 239 821 277 Licinia
854 246 1011 278 cautum
1044 248 1143 293 erat,
1182 254 1280 282 nova
1312 247 1521 284 constitue-

181 297 246 337 bat
278 300 468 350 portoria,
507 299 617 336 novis
650 297 812 336 coloniis
844 298 1019 349 replebat
1056 301 1292 353 provincias,
1331 303 1471 342 iudicia
1503 316 1523 342 a

182 363 320 395 senatu
353 355 614 395 transferebat
646 355 691 393 ad
725 357 894 408 equites,
936 357 1178 396 frumentum
1216 359 1319 410 plebi
1352 360 1434 399 dari
1465 363 1521 400 in-

183 416 380 465 stituerat,
413 414 508 452 nihil
541 415 762 466 immotum,
795 414 891 452 nibil
917 415 1187 468 tranquillum,
1220 417 1314 456 nihil
1336 420 1523 471 quietum,

181 475 284 512 nihil
319 472 488 522 denique
526 473 566 510 in
606 472 744 510 eodem
782 478 884 511 statu
923 473 1185 526 relinquebat3
1225 477 1319 526 quin
1358 476 1559 516 alterum5

140 538 159 568 4
182 533 297 569 etiam
335 531 577 569 continuavit
614 530 868 570 tribunatum.
930 531 1043 570 Hunc
1083 532 1123 571 L.
1159 532 1346 585 Opimius¹
1376 535 1524 587 consul,

182 590 248 639 qui
280 595 438 640 praetor
470 588 666 640 Fregellas
699 589 912 641 exciderat,
953 597 1186 642 persecutus
1219 595 1336 631 armis
1368 605 1523 645 unaque

180 647 359 686 Fulvium
379 647 578 700 Flaccum,
611 647 857 686 consularem
878 660 921 687 ac
942 650 1216 701 triumphalem
1236 653 1379 704 virum,
1401 664 1523 703 aeque

179 718 297 757 prava
342 708 584 758 cupientem,
631 718 748 757 quem
793 706 831 745 C.
877 706 1076 747 Gracchus
1119 710 1158 747 in
1203 709 1332 748 locum
1376 710 1523 749 Tiberii

180 765 312 803 fratris
353 766 603 804 triumvirum
640 766 817 817 nomine,
856 777 897 803 re
937 771 1067 805 autem
1105 769 1254 805 socium
1287 768 1427 819 regalis
1460 769 1521 807 ad·
1546 779 1578 803 10

139 829 158 860 5
181 829 402 874 sumpserat
439 825 654 875 potentiae,
692 829 817 862 morte
856 823 1009 863 adfecit.
1065 825 1103 863 id
1143 838 1266 864 unum
1298 827 1444 865 nefarie
1477 827 1524 865 ab

181 881 334 933 Opimio
373 882 588 933 proditum,
631 881 734 932 quod
774 883 910 933 capitis
949 895 1026 921 non
1066 883 1191 922 dicam
1229 883 1412 937 Gracchi,
1456 885 1524 924 sed

180 942 273 979 civis
298 940 462 978 Romani
494 942 665 991 pretium
697 952 738 979 se
771 940 953 979 daturum
984 941 1101 992 idque
1135 954 1229 980 auro
1262 955 1524 994 repensurum

139 1005 158 1036 6
179 1000 396 1050 proposuit.
446 998 609 1038 Flaccus
641 1000 680 1037 in
713 999 903 1038 Aventino
935 1005 1106 1038 armatus
1139 1013 1181 1039 ac
1214 1013 1384 1052 pugnam
1416 1003 1523 1040 ciens

180 1069 269 1096 cum
302 1057 379 1095 filio
412 1059 557 1095 maiore
590 1057 787 1108 iugulatus
816 1063 892 1109 est,
925 1057 1125 1096 Gracchus
1156 1060 1401 1112 profugiens,
1434 1072 1524 1099 cum
1545 1069 1577 1094 15

179 1117 254 1154 iam
287 1115 690 1166 comprehenderetur
723 1115 769 1153 ab
801 1117 866 1167 iis,
900 1128 996 1166 quos
1021 1116 1198 1167 Opimius
1231 1119 1407 1170 miserat,
1440 1130 1522 1157 cer-

178 1175 303 1212 vicem
340 1173 498 1225 Euporo
539 1185 650 1212 servo
690 1173 888 1226 praebuit,
933 1175 1000 1224 qui
1043 1187 1122 1213 non
1164 1177 1321 1226 segnius
1360 1188 1401 1215 se
1439 1177 1522 1228 ipse

178 1233 395 1284 interemit,
435 1244 551 1282 quam
589 1232 745 1270 domino
785 1239 1047 1271 succurrerat.
1105 1246 1182 1284 quo
1222 1234 1282 1273 die
1315 1234 1523 1285 singularis

178 1290 383 1341 Pomponii
404 1292 547 1340 equitis
567 1290 731 1328 Romani
763 1291 802 1328 in
824 1290 1043 1328 Gracchum
1075 1291 1170 1330 fides
1203 1293 1293 1344 fuit,
1327 1294 1393 1343 qui
1414 1304 1522 1332 more

179 1348 338 1387 Coclitis
372 1350 601 1387 sustentatis
633 1349 673 1386 in
704 1354 822 1399 ponte
855 1348 1033 1387 hostibus
1054 1351 1156 1401 eius,
1189 1350 1314 1400 gladio
1335 1363 1376 1389 se
1398 1356 1521 1389 trans·
1545 1360 1577 1385 20

139 1413 157 1444 7
180 1408 279 1446 fixit(
323 1412 367 1444 ut
387 1406 444 1445 Ti.
467 1406 630 1445 Gracchi
663 1411 775 1444 antea
796 1419 956 1458 corpus,
988 1408 1041 1445 ita
1061 1406 1130 1446 Gai
1162 1410 1260 1447 mira
1292 1409 1522 1448 crudelitate

178 1467 372 1504 victorum
404 1466 443 1502 in
477 1464 651 1503 Tiberim
684 1464 879 1503 deiectum
912 1471 980 1503 est.

141 1531 156 1560 1
300 1520 335 1562 7.
386 1522 499 1561 Hunc
544 1523 600 1560 Ti.
646 1522 810 1561 Gracchi
854 1522 984 1575 liberi,
1028 1522 1068 1561 P.
1115 1523 1307 1574 Scipionis
1351 1526 1523 1564 Africani

180 1588 360 1633 nepotes,
404 1583 487 1619 viva
532 1580 657 1619 adhuc
702 1586 824 1619 matre
865 1580 1060 1632 Cornelia,
1104 1582 1275 1621 Africani
1314 1583 1406 1635 filia,
1451 1586 1522 1622 viri

180 1642 335 1691 optimis
367 1641 534 1690 ingeniis
566 1639 664 1678 male
697 1641 759 1677 usi
778 1641 876 1677 vitae
904 1641 1122 1690 mortisque
1153 1640 1324 1679 habuere
1359 1643 1522 1681 exitum:
1544 1650 1576 1676 ·-5

180 1700 247 1748 qui
280 1700 312 1736 si
344 1697 496 1736 civilem
529 1691 1025 1749 dignitati}concupissent
1045 1698 1220 1751 modum,
1253 1700 1442 1750 quidquid
1463 1707 1521 1739 tu-

180 1756 407 1795 multuando
429 1757 845 1812 aclipisciffigestierunt,
879 1757 1021 1807 quietis
1042 1756 1249 1796 obtulisset
1269 1770 1332 1796 res
1356 1758 1521 1809 publica.

139 1814 271 1853 2huic
316 1816 511 1852 atrocitati
552 1815 749 1853 ‘adfectum
791 1814 918 1853 scelus
957 1816 1127 1854 unicum.
1191 1817 1334 1867 quippe
1372 1818 1522 1855 iuvenis

181 1874 311 1924 specie
345 1872 539 1911 excellens
571 1873 740 1912 necdum
766 1872 1124 1912 duodevicesimum
1157 1880 1425 1926 transgressus
1457 1887 1521 1913 an-

277 2012 296 2043 3
323 2008 410 2042 dare
437 2008 554 2042 Aldus
578 2009 581 2051 Ι
604 2008 822 2043 instituebat
847 2008 1016 2044 Herelius
1134 2012 1153 2044 5
1179 2009 1274 2043 nihil
1301 2012 1397 2053 (aitte
1422 2010 1522 2044 deni—

181 2056 266 2099 que)
293 2056 375 2089 add.
403 2055 527 2089 Haase
547 2056 781 2099 praecedente
808 2055 940 2090 Orellz'o
1062 2059 1080 2090 7
1107 2057 1348 2100 persequutus
1377 2056 1413 2090 P
1436 2058 1523 2099 (non

181 2102 231 2145 A>
330 2105 373 2135 10
399 2102 563 2145 nomine⁷
591 2114 629 2136 re
656 2104 780 2136 autem
806 2113 880 2145 izos,
907 2103 989 2136 item
1014 2103 1060 2137 A.
1084 2102 1379 2137 Selia-arzmamz:
1406 2104 1521 2138 nomi-

180 2150 336 2183 nauerat
355 2160 438 2182 eum
459 2149 534 2182 ΑΡ
631 2153 670 2182 11
694 2149 819 2183 adficit
838 2149 921 2193 ΑΡ,
943 2160 1004 2183 em.
1025 2149 1194 2184 Herelius
1293 2154 1334 2183 14
1361 2152 1522 2185 armatos

182 2195 351 2229 Gelenius
373 2197 377 2238 Ι
401 2206 443 2229 ac
470 2195 594 2230 Kritz:
623 2195 668 2229 ad
696 2196 779 2239 ΑΙ),
806 2196 849 2238 cf.
877 2196 1060 2230 Drakenb.
1089 2196 1136 2230 ad
1161 2196 1242 2231 Liv.
1269 2200 1301 2239 2,
1328 2201 1383 2239 47,
1413 2202 1428 2231 1

183 2246 225 2276 19
252 2242 431 2286 Pomponi
458 2242 492 2276 A
624 2246 667 2276 20
695 2242 771 2276 cius
798 2243 862 2277 del.
891 2242 1066 2277 Heinsius
1191 2246 1232 2276 21
1262 2242 1344 2277 Gaii
1372 2243 1408 2278 P

182 2292 225 2323 ‘23
253 2289 323 2333 Ti]
353 2288 389 2322 C.
417 2289 492 2322 ΑΡ
587 2292 630 2323 2ss
658 2289 857 2333 dignitates
883 2290 918 2323 A
941 2290 946 2333 Ι
967 2289 1141 2332 quicquid
1170 2289 1206 2323 P
