1635 2572
155 259 173 289 2

198 141 281 182 130
847 140 878 174 11

196 257 278 289 tute
311 252 497 289 merentis
531 261 702 300 semper,
739 259 950 298 numquam
989 250 1178 299 captantis
1210 249 1381 300 gloriam.
1443 261 1532 288 cum

196 316 337 360 quanta
376 310 559 358 gravitate
605 313 648 345 ut
685 312 841 345 senator
879 312 917 345 et
958 306 1091 358 iudex,
1135 318 1211 345 non
1253 314 1295 345 ut
1339 309 1532 359 princeps,

196 379 350 406 causam
395 366 510 404 Drusi
548 364 707 403 Libonis
745 364 906 403 audivit!
960 377 1074 415 quam
1119 365 1300 404 celeriter
1338 367 1532 416 ingratum

195 432 233 464 et
266 437 360 463 nova
390 423 613 462 molientem
641 422 851 474 oppressit!
885 422 1027 474 quibus
1054 425 1271 475 praeceptis
1298 425 1533 462 instructum

195 484 469 521 Germanicum
502 494 616 521 suum
647 481 918 532 imbutumque
949 481 1182 521 rudimentis
1215 482 1371 520 militiae
1399 494 1531 521 secum

195 547 301 580 actae
335 541 567 580 domitorem
600 542 749 591 recepit
775 539 1020 579 Germaniae!
1053 540 1195 591 quibus
1222 542 1417 579 iuventam
1449 542 1534 579 eius

195 601 439 651 exaggeravit
470 598 702 651 honoribus,
736 598 997 649 respondente
1031 599 1137 637 cultu
1171 598 1356 650 triumphi
1390 610 1534 650 rerum,

196 670 291 709 quas
323 663 515 710 gesserat,
553 656 826 708 magnitudini!
882 659 1062 707 quotiens
1101 657 1286 708 populum
1327 658 1534 707 congiariis

194 717 399 755 honoravit
436 722 738 766 senatorumque
777 727 954 767 censum,
997 728 1085 754 cum
1124 716 1161 754 id
1200 722 1336 754 senatu
1374 721 1532 754 auctore

195 776 323 814 facere
356 776 499 826 potuit,
537 786 652 825 quam
684 773 850 812 libenter
883 773 1065 826 explevit,
1107 781 1150 813 ut
1182 786 1307 825 neque
1341 774 1532 812 luxuriam

195 836 376 872 invitaret
408 846 534 883 neque
569 833 771 871 honestam
809 838 1077 883 paupertatem
1109 839 1309 883 pateretur
1348 832 1533 883 dignitate

196 890 371 931 destitui!
411 898 555 942 quanto
588 903 676 930 eum
709 891 856 929 honore
890 890 1164 929 Germanicum
1197 903 1312 930 suum
1343 892 1382 929 in
1409 897 1533 929 trans-

196 952 363 990 marinas
390 952 495 988 misit
520 948 755 1000 provincias!
788 961 862 1000 qua
888 950 924 987 vi
945 948 1196 988 consiliorum
1218 961 1390 1001 suorum,
1422 949 1532 987 mini-

195 1015 276 1048 stro
309 1015 347 1047 et
380 1008 555 1046 adiutore
582 1020 678 1047 usus
706 1007 830 1046 Druso
864 1007 939 1045 filio
970 1020 1058 1059 suo,
1090 1007 1369 1046 Maroboduum
1402 1007 1532 1045 inhae-

195 1073 346 1106 rentem
373 1068 551 1117 occupati
577 1067 687 1116 regni
716 1065 874 1116 finibus,
906 1077 998 1116 pace
1021 1067 1231 1104 maiestatis
1252 1067 1336 1104 eius
1357 1066 1533 1115 dixerim,

195 1125 300 1164 velut
338 1129 562 1175 serpentem
600 1123 819 1162 abstrusam
857 1129 983 1162 terrae
1023 1123 1244 1162 salubribus
1282 1123 1534 1162 consiliorum

195 1195 358 1223 suorum
389 1182 683 1222 medicamentis
715 1183 842 1233 coegit
875 1181 1024 1232 egredi!
1065 1194 1179 1232 quam
1206 1182 1315 1220 illum
1346 1188 1389 1221 ut
1414 1181 1533 1220 hono-

195 1248 296 1293 rate,
329 1243 384 1280 sic
416 1252 556 1280 secure
589 1239 779 1279 continet!
836 1246 1001 1290 quantae
1034 1240 1146 1279 molis
1182 1240 1326 1279 bellum
1356 1241 1533 1291 principe

195 1300 405 1339 Galliarum
444 1300 569 1338 ciente
604 1298 807 1338 Sacroviro
840 1298 1032 1349 Floroque
1065 1298 1161 1337 lulio
1201 1300 1297 1337 mira
1335 1298 1532 1337 celeritate

195 1370 238 1397 ac
270 1359 414 1396 virtute
447 1358 695 1408 compressit,
727 1362 770 1395 ut
795 1362 883 1395 ante
909 1356 1076 1408 populus
1103 1356 1300 1395 Romanus
1327 1358 1464 1395 vicisse
1492 1369 1531 1395 se

196 1428 311 1467 quam
355 1415 497 1454 bellare
546 1421 801 1466 cognosceret
851 1416 1086 1466 nuntiosque
1137 1415 1301 1467 periculi
1349 1416 1533 1454 victoriae

154 1484 175 1514 4
196 1474 449 1526 praecederet
475 1473 652 1512 nuntius!
687 1475 814 1524 magni
840 1475 955 1512 etiam
988 1475 1151 1512 terroris
1183 1473 1328 1513 bellum
1360 1474 1533 1512 Africum

155 1660 171 1689 1

195 1539 234 1572 et
266 1532 459 1572 cotidiano
492 1538 609 1571 auctu
641 1533 764 1571 maius
803 1533 985 1583 auspiciis
1018 1532 1268 1583 consiliisque
1306 1533 1391 1571 eius
1425 1531 1535 1570 brevi

196 1591 392 1643 sepultum
425 1596 495 1629 est.

316 1648 409 1689 130.
461 1648 612 1695 Quanta
638 1661 708 1687 suo
736 1660 975 1699 suorumque
1004 1650 1159 1687 nomine
1181 1650 1370 1687 exstruxit
1398 1647 1532 1699 opera!

196 1720 310 1759 quam
351 1709 413 1759 pia
451 1708 715 1746 munificentia
760 1719 955 1758 superque
1001 1706 1208 1745 humanam
1246 1713 1377 1745 erecta
1419 1707 1534 1745 fidem

196 1766 384 1818 templum
404 1768 505 1817 patri
526 1764 701 1804 molitur!
729 1777 844 1815 quam
865 1765 1067 1815 magnifico
1089 1767 1205 1804 animi
1226 1771 1533 1815 temperamento

197 1823 263 1863 Cn.
298 1837 452 1875 quoque
481 1824 640 1875 Pompei
673 1835 835 1862 munera
862 1823 1065 1874 absumpta
1096 1825 1175 1874 igni
1203 1822 1390 1862 restituit!
1424 1823 1533 1874 quid-

292 1928 309 1959 1
337 1935 537 1967 numquam
567 1924 692 1959 Orelli:
720 1934 829 1968 quam
855 1924 930 1958 ΑΡ
962 1925 967 1966 Ι
998 1925 1137 1967 quanta
1162 1935 1243 1958 cum
1269 1924 1415 1959 Krause

196 1976 215 2006 3
250 1982 398 2006 causam
432 1972 540 2005 Drusi
572 1970 721 2005 Libonis
754 1970 898 2005 audivit
929 1971 1099 2015 Madm'q:
1139 1972 1177 2005 et
1210 1981 1337 2005 causas
1375 1972 1534 2015 pressius

195 2018 300 2052 audit
325 2018 400 2052 ΑΡ
496 2022 514 2053 7
542 2017 823 2062 respondentem
851 2018 934 2052 MA
1031 2022 1071 2052 13
1098 2017 1134 2051 vi
1161 2017 1427 2061 cogitationum
1453 2028 1533 2052 sua-

194 2077 274 2099 rum
303 2065 414 2099 Orelli
536 2069 577 2099 16
603 2067 702 2099 terra
727 2064 880 2099 C'Iuclius
920 2065 924 2107 Ι
965 2075 1060 2098 cons,
1088 2075 1234 2098 suorum
1267 2064 1361 2098 obelo
1396 2065 1536 2099 notarit

194 2111 374 2146 Ruhnken
470 2115 512 2146 18
540 2111 590 2145 sio
616 2111 801 2146 Bur-man:
827 2121 894 2146 neo
919 2111 995 2144 ΑΡ
1019 2112 1070 2153 (et
1095 2110 1178 2145 hon.
1204 2121 1271 2144 nec
1298 2123 1324 2146 S.
1352 2110 1534 2154 Gelenius)

291 2163 332 2193 19
366 2169 469 2193 sacro
502 2157 579 2192 viro
612 2158 771 2202 floreque
798 2159 832 2192 A
873 2158 877 2198 l
918 2157 1018 2191 Iuliis
1044 2156 1188 2191 Ruhnk.
1215 2157 1291 2192 coll.
1322 2157 1406 2192 Tac.
1433 2158 1532 2193 Arm.

195 2210 233 2247 3,
260 2209 304 2239 40
384 2210 428 2239 20
454 2216 491 2239 se
517 2215 582 2239 om..
609 2205 644 2239 A
718 2209 761 2239 ⁶23
788 2203 990 2239 cottidiano
1017 2203 1092 2237 ΑΡ
1163 2207 1205 2237 25
1234 2215 1298 2239 suo
1324 2204 1533 2239 Acidatius:

196 2263 260 2286 sua
291 2252 366 2285 AI>
485 2254 527 2286 28
566 2251 740 2295 quicquid
775 2251 871 2286 enim
911 2260 1070 2293 unquam
1106 2249 1246 2285 Haase:
1287 2251 1349 2295 qui
1385 2251 1534 2295 quidem

195 2309 305 2340 quam
334 2300 363 2331 A
375 2298 408 2331 1’
1489 2308 1492 2312 ·

1555 783 1587 808 10

1555 1074 1587 1100 15

1554 1365 1588 1391 20

1554 1657 1587 1683 25
