1635 2572
165 138 220 178 48
879 137 910 171 ΙΙ

166 248 283 286 maris
315 247 508 298 praesidio
542 248 712 298 navium,
751 245 858 284 brevi
889 243 1192 295 inexsuperabili
1232 256 1347 283 manu
1382 252 1500 284 terra·

166 317 253 344 rum
285 305 419 343 orbem
452 305 627 343 liberavit
660 303 953 355 praedonesque
992 314 1105 353 saepe
1144 302 1275 341 multis
1307 305 1380 342 iam
1420 303 1503 342 aliis

166 364 261 402 locis
293 365 414 402 victos
447 365 550 401 cirea
571 362 742 400 Ciliciam
769 362 890 400 classe
918 361 1124 411 adgressus
1146 360 1245 399 fudit
1270 372 1313 399 ac
1340 361 1505 412 fugavit3

126 439 146 469 5
168 429 202 460 et
238 434 314 472 quo
347 422 536 460 maturius
563 420 708 459 bellum
739 427 816 459 tam
846 419 919 458 late
945 419 1130 458 diffusum
1156 419 1383 471 conficeret,
1415 418 1502 457 reli-

168 481 277 530 quias
318 491 454 518 eorum
492 485 710 518 contractas
748 481 787 517 in
826 477 988 517 urbibus
1021 483 1249 528 remotoque
1282 479 1378 516 mari
1418 476 1538 515 locos

127 556 146 585 0
168 540 206 576 in
239 544 345 576 certa
378 538 469 576 sede
502 539 714 576 constituit.
754 544 844 576 sunt
877 538 943 587 qui
975 536 1047 574 hoc
1075 542 1251 588 carpant,
1284 535 1350 574 sed
1372 547 1502 586 quam-

167 608 281 647 quam
314 598 353 634 in
387 601 546 635 auctore
579 597 671 634 satis
704 597 864 634 rationis
897 600 972 646 est,
1006 601 1134 633 tamen
1168 596 1264 633 ratio
1292 587 1504 644 quemlibet

167 666 349 705 magnum
381 660 580 693 auctorem
613 655 775 705 faceret3
808 654 893 692 data
927 654 1029 691 enim
1062 652 1242 691 facultate
1278 654 1359 690 sine
1394 657 1503 703 rapto

169 713 318 751 vivendi
351 714 495 764 rapinis
528 714 663 751 arcuit.

129 791 144 820 1
286 769 352 810 33.
416 771 512 810 Cum
551 777 651 809 esset
684 772 722 808 in
762 771 836 809 fine
869 769 1013 808 bellum
1045 770 1251 820 piraticum
1287 775 1325 807 et
1357 768 1395 807 L.
1429 767 1503 806 Lu·
1526 784 1557 808 10

170 829 311 882 oullus,
363 831 428 880 qui
478 836 565 868 ante
617 834 765 880 septem
816 840 936 867 annos
987 840 1032 866 ex
1087 827 1290 865 consulatu
1343 828 1504 865 sortitus

169 889 297 927 Asiam
328 888 540 928 Mithridati
571 889 772 938 oppositus
799 893 879 925 erat
907 898 1142 937 magnasque
1170 891 1205 924 et
1234 883 1505 923 memorabiles

169 959 233 986 res
271 946 322 985 ibi
361 952 551 998 gesserat,
589 945 852 984 Mithridatem
891 957 1003 995 saepe
1043 944 1175 983 multis
1213 943 1308 981 loeis
1341 942 1505 994 suderat,

171 1007 324 1055 egregia
351 1005 531 1056 Cyzicum
558 1004 740 1043 liberarat
766 1005 942 1055 victoria,
969 1003 1192 1053 Tigranem,
1225 1013 1360 1052 regum
1388 1002 1503 1039 maxi-

169 1075 293 1115 mum,
326 1065 364 1101 in
394 1063 575 1101 Armenia
606 1064 752 1100 vicerat
783 1062 1035 1112 ultimamque
1068 1060 1168 1098 bello
1201 1071 1357 1098 manum
1383 1071 1504 1110 paene
1527 1075 1559 1101 15

169 1123 290 1172 magis
322 1121 500 1159 noluerat
532 1122 731 1171 imponere
759 1132 874 1170 quam
906 1132 983 1158 non
1010 1123 1206 1170 potuerat,
1240 1120 1327 1169 quia
1362 1117 1506 1168 alioqui

169 1192 239 1231 per
283 1181 410 1218 onmia
453 1178 655 1218 laudabilis
699 1184 738 1217 et
787 1177 886 1217 bello
937 1190 1058 1229 paene
1108 1178 1274 1215 invictus
1318 1177 1504 1227 pecuniae

169 1238 386 1289 pellebatur
436 1237 636 1288 cupidine,
687 1236 789 1275 idem
838 1235 982 1275 bellum
1032 1235 1156 1274 adhuc
1207 1235 1506 1286 administraret,

170 1296 348 1335 Manilius
381 1295 563 1334 tribunus
595 1295 662 1346 pt,
701 1307 855 1346 semper
893 1294 1036 1333 venalis
1075 1300 1113 1332 et
1151 1293 1295 1332 alienae
1329 1294 1506 1331 minister

170 1356 384 1406 potentiae,
421 1354 546 1405 legem
585 1353 689 1405 tulit,
729 1359 773 1392 ut
810 1352 954 1391 bellum
991 1351 1293 1391 Mithridaticum
1331 1363 1400 1402 per
1439 1350 1504 1389 Cn.
1526 1367 1560 1392 20

130 1414 399 1466 2Pompeium
443 1413 792 1450 administraretur.
854 1417 1010 1462 accepta
1054 1423 1098 1449 ea
1148 1411 1373 1460 magnisque
1424 1421 1506 1447 cer-

172 1478 293 1511 tatum
334 1473 435 1510 inter
479 1472 733 1521 imperatores
771 1471 924 1521 iurgiis,
968 1481 1055 1508 cum
1100 1468 1308 1520 Pompeius
1346 1466 1506 1505 Lucullo

172 1531 367 1568 infamiam
399 1530 604 1580 pecuniae,
643 1527 828 1567 Lucullus
860 1527 1043 1579 Pompeio
1076 1528 1361 1566 interminatam
1400 1526 1506 1576 cupi-

170 1588 328 1627 ditatem
355 1587 542 1626 obiiceret
567 1587 721 1638 imperii
746 1592 963 1637 neuterque
985 1586 1030 1625 ab
1054 1585 1175 1624 altero
1197 1584 1298 1635 quod
1319 1582 1507 1634 arguebat

269 1695 285 1724 1
311 1688 579 1733 inexuperabili
606 1688 642 1722 P
662 1689 666 1732 Ι
688 1688 785 1723 malo
812 1687 980 1722 Herelius
1069 1690 1088 1720 2
1116 1685 1416 1730 *praedonesque
1442 1694 1508 1728 per

173 1737 291 1771 multa
317 1748 337 1770 a
362 1735 488 1770 multis
513 1735 604 1769 locis
631 1735 718 1778 AP,
752 1746 803 1778 pr.
831 1734 1022 1778 permultis
1054 1732 1128 1767 iam
1160 1732 1242 1767 aliis
1274 1731 1366 1767 loeis
1392 1731 1507 1772 Huth,

173 1796 226 1828 pr.
255 1794 362 1827 saepe
389 1784 498 1817 antea
524 1782 650 1816 multis
675 1782 698 1816 l.
727 1782 942 1823 Mommsen,
969 1781 1012 1823 ef.
1041 1784 1077 1822 ’2,
1105 1783 1165 1821 33,
1195 1784 1210 1813 1
1299 1782 1318 1813 3
1344 1777 1453 1813 niet-is
1475 1777 1511 1811 P

268 1835 289 1864 4
315 1841 386 1873 quo
415 1830 463 1863 1':
491 1829 589 1873 quod
615 1830 648 1862 Α
759 1832 776 1862 7
804 1830 928 1863 tamen
953 1829 1004 1861 A:
1031 1829 1109 1860 tum
1139 1826 1174 1860 1>
1198 1830 1228 1860 et
1254 1836 1342 1860 corr.
1369 1826 1403 1859 A

175 1882 194 1912 9
221 1877 344 1921 arguit
364 1877 398 1910 A
473 1880 515 1910 10
541 1875 834 1909 Mithridaticum
855 1875 1066 1915 Santem'u33
1094 1876 1132 1907 at
1157 1873 1209 1907 ait
1237 1872 1402 1906 Velleius:
1430 1882 1508 1905 cum

175 1928 259 1958 esset
290 1925 327 1957 iu
355 1924 424 1966 sine
450 1924 574 1957 bellum
596 1923 813 1966 piraticum,
844 1922 937 1965 quod
967 1921 1107 1965 yerebat
1135 1920 1342 1963 Pompeius,
1377 1921 1408 1952 et
1433 1917 1508 1952 Lu-

175 1972 290 2006 cullus
318 1971 611 2004 Minu-iclaticum
640 1970 756 2004 adhuc
782 1969 1051 2003 administraret
1072 1968 1076 2009 1
1100 1966 1150 2010 et]
1179 1977 1260 2000 cum
1286 1967 1323 1999 et
1347 1964 1423 1999 ΑΡ

178 2022 217 2053 11
247 2028 290 2052 ex
316 2017 415 2052 COS.
441 2017 516 2050 ΑΓ
590 2020 629 2050 12
657 2017 694 2050 ct
719 2016 770 2050 A:
798 2026 839 2049 ac
869 2015 903 2048 1¹
979 2018 1018 2048 13
1047 2012 1285 2047 Mithridaten
1312 2032 1354 2036 —
1381 2011 1508 2055 Tigra-

175 2076 247 2100 nen
269 2064 304 2098 P
376 2068 418 2098 14
444 2074 566 2105 regem
588 2063 696 2097 Kritz
775 2067 816 2097 16
843 2061 929 2105 quia
948 2061 1076 2095 Bothe:
1106 2059 1167 2102 qui
1187 2061 1218 2093 A
1229 2059 1261 2092 1²
1328 2062 1368 2092 18
1395 2058 1508 2102 pelle-

175 2112 284 2146 batur
310 2111 362 2145 A:
388 2110 641 2155 expellebatur
665 2110 714 2152 1²,
741 2109 977 2144 exercebatur
996 2106 1138 2141 Ruhnls.
1166 2105 1400 2150 polluebatur
1419 2105 1508 2138 Ber-

175 2169 284 2203 ways,
311 2157 566 2202 pelliciebutur
588 2157 760 2201 madviq,
787 2167 835 2190 αη
861 2166 933 2189 uon
956 2153 1197 2198 explebatur?
1226 2153 1296 2186 uisi
1322 2153 1410 2186 idem
1437 2152 1510 2193 fere

175 2206 269 2238 illud
295 2204 500 2248 pellebatur
524 2204 705 2247 sisynifieat
802 2206 844 2236 ⁸24
871 2203 1069 2244 neuterque
1099 2200 1160 2233 M:
1187 2210 1230 2233 ne
1258 2200 1409 2242 uterque
1437 2197 1512 2232 ΑΡ

179 2252 184 2297 Ι
213 2251 259 2285 ab
279 2251 395 2285 altero
415 2250 512 2294 quod
533 2250 712 2294 arguebat
729 2249 912 2284 Burman:
939 2247 984 2282 ab
1006 2258 1047 2282 eo
1068 2246 1165 2290 quod
1184 2245 1405 2290 arguebatur
1426 2244 1520 2288 ΑΡ,-

177 2298 224 2332 ab
250 2308 292 2332 eo
320 2309 389 2341 quo
417 2297 638 2341 arguebatur
664 2296 831 2331 Gelenius
