1635 2572
136 130 193 171 20
792 130 825 163 II

96 249 180 279 5ac
219 240 462 278 detestabilia
499 239 720 277 Mancinum
752 237 961 276 Hostilium
1003 236 1215 276 consulem.
1266 237 1333 276 sed
1366 237 1477 276 Pom-

137 300 268 350 peium
319 300 441 349 gratia
485 298 721 347 impunitum
765 295 916 347 hahuit,
973 295 1195 333 Mancinum
1244 296 1478 334 verecundia

137 369 303 408 poenam
335 369 413 394 non
446 354 663 393 recusando
696 354 878 405 perduxit
910 354 1004 406 huc,
1037 359 1080 391 ut
1099 366 1170 404 per
1191 353 1331 391 fetialis
1352 354 1478 392 nudus

138 428 182 454 ac
214 420 303 466 post
323 421 476 465 tergum
496 413 667 464 religatis
689 412 867 451 manibus
888 412 1099 451 dederetur
1128 411 1318 450 hostibus.
1365 423 1482 462 quem

138 473 192 512 illi
231 474 408 523 recipere
449 484 488 510 se
523 477 779 522 negaverunt,
821 473 923 509 sicut
955 470 1150 521 quondam
1182 469 1345 509 Caudini
1378 470 1478 508 fece·
1501 478 1516 503 5

138 537 243 583 rant,
275 531 449 569 dicentes
482 529 678 581 publicam
697 530 944 568 violationem
976 529 1066 567 fidei
1098 540 1175 567 non
1199 528 1343 567 debere
1364 530 1481 567 unius

139 590 192 628 lui
225 591 424 640 sanguine.
1329 580 1334 588 “

98 657 114 686 1
255 646 294 686 2.
344 648 542 686 Inmanem
581 647 726 685 deditio
764 647 931 685 Mancini
969 647 1135 685 civitatis
1173 647 1293 684 movit
1332 645 1480 684 dissen-

139 708 301 745 sionem.
359 708 502 757 quippe
541 705 724 744 Tiberius
764 705 979 756 Gracchus,
1018 704 1166 743 Tiberii
1205 704 1369 742 Gracchi
1408 703 1481 742 cla-

140 766 285 803 rissimi
337 771 452 815 atque
504 765 803 803 eminentissimi
845 765 917 801 viri
964 763 1084 815 filius,
1133 762 1174 801 P.
1221 763 1391 801 Africani
1435 774 1482 800 ex
1504 772 1536 796 10

138 823 215 862 filia
259 835 399 875 nepos,
443 836 520 874 quo
566 828 772 873 quaestore
818 828 856 860 et
901 827 1060 860 auctore
1104 820 1142 859 id
1185 821 1322 859 foedus
1359 822 1483 859 ictum

98 890 117 920 2
141 888 240 934 erat,
280 894 386 920 nunc
425 883 594 933 graviter
627 882 756 919 serens
789 880 933 931 aliquid
966 892 987 918 a
1019 892 1059 919 se
1092 885 1250 931 pactum
1282 879 1482 930 infirmari,

139 953 245 979 nunc
290 941 426 979 similis
465 940 524 978 vel
567 939 702 978 iudIcii
740 939 798 978 vel
842 951 990 990 poenae
1036 945 1216 977 metuens
1261 938 1482 989 discrimen,

138 998 322 1038 tribunus
353 995 403 1050 pl.
437 1003 609 1050 creatus,
648 1000 707 1036 vir
739 998 883 1048 alioqui
914 999 989 1036 vita
1022 998 1388 1049 innocentissimus,
1425 998 1481 1035 in-

139 1059 252 1108 genio
284 1057 603 1108 florentissimus,
634 1058 836 1108 proposito
857 1057 1143 1108 sanctissimus,
1175 1057 1294 1094 tantis
1314 1056 1482 1106 denique
1505 1064 1536 1089 15

140 1116 351 1154 adornatus
373 1115 601 1166 virtutibus,
635 1120 798 1165 quantas
819 1115 993 1165 perfecta
1013 1120 1051 1152 et
1074 1120 1213 1152 natura
1233 1120 1271 1152 et
1291 1114 1484 1153 industria

140 1174 316 1212 mortalis
350 1173 527 1212 condicio
559 1174 717 1226 recipit,
752 1172 792 1211 P.
825 1172 952 1211 Mucio
987 1172 1169 1210 Scaevola
1200 1171 1240 1210 L.
1275 1171 1482 1223 Calpurnio

141 1232 367 1270 consulibus
401 1231 541 1270 abhinc
575 1243 696 1270 annos
730 1236 887 1270 centum
921 1232 1119 1281 sexaginta
1139 1230 1236 1269 duos
1269 1230 1431 1270 descivit
1463 1242 1483 1268 a

99 1300 119 1330 3
141 1290 271 1343 honis,
304 1290 579 1341 pollicitusque
612 1291 685 1328 toti
704 1289 833 1328 Italiae
862 1291 1078 1341 civitatem,
1111 1289 1225 1327 simul
1247 1291 1361 1327 etiam
1393 1301 1481 1340 pro-

140 1349 320 1399 mulgatis
341 1350 502 1399 agrariis
529 1347 700 1400 legibus,
733 1347 914 1386 omnibus
935 1353 1079 1387 statum
1100 1347 1482 1399 concupiscentibus,
1503 1357 1536 1381 20

141 1419 291 1446 summa
323 1409 410 1445 imis
444 1409 599 1445 miscuit
633 1413 671 1445 et
702 1408 741 1444 in
773 1412 1029 1457 praeruptum
1062 1411 1177 1457 atque
1206 1418 1349 1457 anceps
1381 1407 1482 1458 peri-

141 1466 272 1504 culum
318 1466 476 1504 adduxit
520 1478 603 1504 rem
646 1464 852 1515 publicam.
917 1464 1154 1515 Octavioque
1200 1463 1367 1515 collegae
1410 1476 1482 1515 pro

140 1524 243 1562 bono
281 1524 437 1575 publico
476 1526 593 1562 stanti
631 1525 840 1574 imperium
874 1523 1089 1574 abrogavit,
1122 1524 1348 1561 triinnviros
1380 1524 1482 1573 agris

141 1582 359 1621 dividendis
399 1582 625 1633 colonisque
668 1581 906 1620 deducendis
948 1583 1093 1620 creavit
1136 1593 1177 1619 se
1222 1593 1480 1632 socerumque

141 1654 273 1693 suum,
318 1641 564 1680 consularem
596 1641 781 1692 Appium,
830 1646 866 1679 et
901 1639 1038 1678 Gaium
1070 1640 1230 1678 fratrem
1275 1639 1481 1678 admodum
1502 1649 1535 1673 25

140 1711 331 1738 luvenem.

236 1828 256 1859 3
283 1823 481 1868 ”fipoenamz
515 1824 651 1868 quippe
678 1823 762 1867 ΑΡ,
788 1822 986 1866 quicquam
1010 1833 1127 1857 noxae
1153 1821 1346 1857 recusandi
1373 1821 1483 1857 Mad-

142 1872 211 1916 riq,
253 1872 315 1915 qui
346 1872 409 1905 hoc
440 1874 529 1905 recte
562 1871 738 1905 ‘intellexit
768 1871 934 1904 vitiosmn
966 1880 1036 1904 csse
1066 1871 1287 1914 scripturam
1318 1868 1479 1913 quippe}

143 1918 318 1953 foeciales
338 1919 372 1952 A
399 1928 488 1952 corr.
516 1928 558 1952 eas
583 1917 758 1952 fetitiales
855 1920 876 1950 4
902 1917 1115 1961 postergum
1140 1917 1176 1951 A
1273 1919 1293 1950 5
1319 1916 1483 1950 fecerunt

143 1966 227 2007 AP,
255 1976 316 1999 cm.
344 1964 520 1998 Heinsius
637 1968 656 1998 9
684 1964 764 1998 Tib.
794 1963 837 2007 P,
865 1963 1024 2008 Tempus
1049 1965 1096 2006 A,
1121 1964 1205 2006 fort.
1232 1962 1285 1997 Ti.
1314 1962 1482 2006 Sempro-

143 2011 224 2046 nius
254 2013 258 2054 Ι
290 2010 501 2046 Graacchus
536 2011 649 2044 Tibur
682 2010 812 2045 Gracci
846 2011 881 2044 A
1032 2014 1073 2044 12
1109 2011 1258 2055 paetum
1292 2008 1481 2053 Kreyssiy:

142 2058 284 2093 factum
310 2058 393 2102 ΑΡ,
421 2060 544 2093 actum
570 2057 743 2092 ero'lzlich
872 2061 913 2091 13
945 2057 1090 2091 intuens
1116 2058 1151 2091 A
1277 2059 1321 2090 20
1347 2057 1484 2090 statum

147 2106 197 2139 P:
224 2106 364 2139 factum
384 2105 430 2148 A,
456 2105 528 2139 ista
553 2106 632 2138 tum
652 2104 793 2149 Haupt,
819 2104 902 2147 fort.
924 2105 1061 2139 statum
1085 2114 1220 2138 novum
1247 2103 1313 2146 (cel
1339 2102 1481 2145 alium);

146 2153 190 2194 es.
213 2158 244 2193 2,
267 2156 321 2195 72,
343 2157 362 2185 5
388 2152 565 2194 (omnium
592 2153 728 2185 statum
755 2150 1047 2186 concutientibus
1071 2150 1232 2194 Lipsius,
1259 2150 1327 2184 aliz?
1353 2150 1441 2193 alia)

146 2203 187 2232 21
217 2198 335 2242 :idque
361 2199 396 2232 A
514 2204 556 2233 ⁴23
583 2198 750 2242 publicos
776 2198 871 2232 tanti
895 2199 930 2232 A
953 2199 957 2240 Ι
986 2197 1179 2241 adrogavit
1206 2196 1288 2231 MA
1311 2199 1314 2241 l
1344 2196 1484 2230 Trium-

145 2245 235 2279 viro.
263 2245 360 2279 sanis
387 2247 421 2280 A
554 2250 597 2280 24
625 2245 850 2289 coloniisque
877 2244 960 2289 ΑΙ),
987 2255 1048 2280 em.
1075 2244 1239 2290 szsmsj
1353 2247 1396 2278 *25
1423 2242 1487 2278 ²³²et
1523 2257 1528 2263 ·

147 2292 352 2327 Gracchum
380 2294 531 2328 fratrem
557 2292 632 2327 ΑΙ)
