1635 2572
160 158 212 197 10
821 155 837 188 I

157 278 245 304 cum
284 265 459 316 spoliavit
497 266 695 314 sanguinis
734 266 811 302 sui:
856 276 943 302 nam
976 263 1141 302 alterum
1174 275 1220 301 ex
1258 266 1356 316 suis,
1395 276 1493 315 quos

156 326 195 362 in
228 324 367 362 familia
398 325 631 373 retinuerat,
664 322 796 360 liberis
817 328 904 360 ante
925 333 1071 372 paucos
1092 321 1297 374 triumphi,
1329 321 1493 361 alterum

116 388 243 433 opost
287 384 491 432 pauciores
536 382 663 418 amisit
706 381 799 418 dies.
855 392 989 430 aspera
1032 381 1136 417 circa
1180 379 1274 418 haec
1319 386 1494 431 tempora

157 452 321 478 censura
367 440 489 477 Fulvii
532 439 659 476 Flacci
704 444 743 476 et
786 438 976 476 Postumii
1021 437 1148 475 Albini
1198 438 1288 476 suit:
1350 440 1493 489 quippe

156 498 279 536 Fulvii
324 499 498 535 censoris
542 497 679 548 frater,
724 502 761 535 et
806 496 963 547 quidem
1005 508 1184 547 consors,
1229 495 1296 534 Cn.
1334 495 1530 535 Fulviuss

157 562 292 593 senatu
327 562 455 593 motus
488 560 546 593 est
578 554 624 593 ab
656 557 703 593 iis
736 554 977 593 censoribus.

116 624 132 653 1
277 613 340 652 11.
391 613 483 652 Post
515 615 659 652 victum
692 619 925 664 captumque
946 613 1111 663 Persen,
1144 614 1210 663 qui
1237 609 1493 663 quadriennio

157 678 244 723 post
280 674 319 710 in
352 671 470 710 libera
505 672 679 710 custodia
711 671 826 710 Albae
865 671 1049 723 decessit,
1089 671 1443 722 Pseudophilippus
1475 683 1496 710 a

157 730 357 768 mendacio
398 730 597 768 simulatae
631 731 792 780 originis
825 730 1056 781 appellatus,
1095 731 1161 780 qui
1200 742 1239 768 se
1273 729 1495 780 Philippum

157 791 363 839 regiaeque
397 790 529 839 stirpis
561 788 727 839 serebat,
765 800 853 826 cum
886 794 990 826 esset
1021 787 1197 839 ultimae,
1230 789 1348 825 armis
1380 799 1494 826 occu·
1517 798 1549 822 ιο

157 854 243 898 pata
276 846 515 897 Macedonia,
554 847 768 897 adsumptis
808 848 917 897 regni
950 845 1167 896 insignibus
1199 845 1308 884 brevi
1339 847 1494 884 temeri-

115 914 136 944 2
159 907 246 944 tatis
284 917 428 956 poenas
467 905 589 943 dedit:
639 907 782 955 quippe
822 904 864 949 Q.
903 904 1081 943 Metellus
1125 909 1298 955 praetor,
1343 905 1406 942 cui
1450 916 1497 943 ex

157 966 300 1002 virtute
322 964 558 1002 Macedonici
579 975 720 1001 nomen
748 963 913 1001 inditum
948 962 1067 1012 [erat]
1076 994 1086 1014 ‚
1118 962 1314 1013 praeclara
1335 964 1496 1000 victoria

157 1024 285 1073 ipsum
318 1028 551 1073 gentemque
586 1023 799 1074 superavit,
832 1027 869 1059 ct
901 1022 1058 1066 immani
1091 1022 1206 1059 etiam
1230 1020 1403 1059 Achaeos
1436 1032 1495 1059 re-

116 1090 136 1120 3
157 1080 300 1119 bellare
334 1081 556 1131 incipientis
590 1080 687 1118 fudit
709 1081 800 1117 acie.
851 1079 912 1117 hic
934 1085 991 1117 est
1013 1078 1190 1117 Metellus
1210 1078 1495 1130 Macedonicus,
1517 1089 1549 1114 15

158 1141 224 1190 qui
262 1140 454 1189 porticus,
499 1149 596 1188 quae
643 1138 803 1176 suerunt
848 1137 1109 1175 circumdatae
1148 1136 1298 1175 duabus
1337 1136 1496 1175 aedibus

157 1199 240 1235 sine
278 1198 533 1247 inscriptione
571 1197 725 1247 positis,
769 1207 866 1246 quae
913 1207 1015 1233 nunc
1055 1194 1235 1233 Octaviae
1279 1194 1497 1246 porticibus

157 1255 399 1306 ambiuntur,
431 1256 593 1305 fecerat,
626 1256 769 1304 quique
803 1253 899 1291 hanc
934 1259 1100 1291 turmam
1133 1259 1347 1291 statuarum
1379 1265 1495 1304 eque-

158 1316 316 1364 strium,
348 1324 445 1363 qnae
479 1313 647 1350 frontem
674 1312 826 1350 aedium
848 1317 1040 1362 spectant,
1072 1310 1265 1362 hodieque
1287 1312 1495 1350 maximum

116 1381 138 1411 4
158 1376 429 1411 ornamentum
449 1372 533 1409 eius
565 1370 655 1421 loci,
689 1382 734 1408 ex
755 1369 976 1408 Macedonia
1009 1369 1157 1408 detulit.
1203 1371 1314 1408 cuius
1345 1375 1495 1408 turmae
1517 1379 1550 1405 20

158 1431 256 1469 hanc
289 1441 444 1468 causam
476 1430 671 1480 referunt,
710 1428 889 1479 Magnum
921 1427 1182 1466 Alexandrum
1214 1429 1443 1478 impetrasse
1476 1440 1497 1466 a

157 1489 343 1540 Lysippo⁷
376 1487 561 1537 singulari
592 1486 727 1525 talium
759 1493 917 1525 auctore
950 1498 1131 1537 operum,
1163 1491 1206 1524 ut
1232 1498 1368 1524 eorum
1389 1487 1495 1536 equi-

158 1554 258 1598 tum,
296 1548 363 1597 qui
405 1558 450 1584 ex
482 1547 604 1596 ipsius
638 1551 764 1583 turma
796 1544 897 1596 apud
929 1543 1139 1582 Granicum
1170 1543 1313 1582 flumen
1347 1544 1495 1582 cecide-

158 1611 262 1656 rant,
306 1616 490 1655 expressa
534 1603 786 1641 similitudIne
831 1603 1044 1653 figurarum
1089 1603 1233 1640 faceret
1273 1607 1420 1640 statuas
1458 1608 1496 1640 et

119 1672 138 1701 5
160 1666 282 1715 ipsius
314 1675 468 1713 quoque
502 1663 548 1700 iis
581 1663 860 1712 interponeret.
910 1660 972 1699 hic
1005 1659 1107 1698 idem
1140 1661 1288 1711 primus
1322 1661 1495 1698 omnium
1517 1670 1550 1698 25

160 1722 302 1760 Romae
335 1721 470 1759 aedem
503 1733 545 1758 ex
580 1732 773 1758 marmore
805 1721 844 1757 in
874 1720 920 1757 iis
940 1720 1035 1769 ipsis
1055 1719 1319 1757 monumentis
1339 1718 1497 1756 molitus

159 1782 277 1819 huius
314 1779 372 1816 vel
414 1778 719 1829 magnificentiae
757 1777 817 1816 vel
857 1777 1032 1815 luxuriae
1071 1778 1254 1827 princeps
1294 1777 1376 1815 snit.
1436 1778 1498 1814 vix

120 1848 139 1876 o
162 1838 277 1876 ullius
309 1839 435 1888 gentis
467 1838 601 1875 aetatis
634 1837 782 1874 ordinis
813 1835 1010 1874 hominem
1031 1836 1247 1887 inveneris,
1281 1836 1391 1873 cuius
1415 1833 1496 1872 seli·

160 1898 315 1935 citatem
349 1896 526 1933 fortunae
547 1894 689 1933 Metelli
710 1906 922 1945 compares.
967 1905 1054 1931 nam
1087 1899 1242 1944 praeter
1271 1892 1497 1931 excellentis

258 2037 273 2066 1
302 2042 345 2065 ex
371 2030 415 2064 iis
436 2030 564 2073 Aldus,
592 2042 637 2064 an
665 2030 790 2064 liberis
815 2030 984 2075 ylossema
1011 2028 1086 2064 est?
1195 2032 1217 2063 4
1236 2027 1442 2063 Posthumii
1465 2027 1499 2061 P

233 2083 251 2113 7
278 2077 558 2122 quadriennium
587 2077 622 2110 P
645 2079 731 2120 (non
762 2078 858 2120 MA)
933 2081 973 2110 11
1002 2075 1187 2119 adsumpti
1207 2075 1282 2109 ΑΡ
1355 2078 1396 2108 13
1419 2076 1499 2108 erat

161 2126 225 2160 det.
254 2125 437 2166 Gelenius,
465 2126 521 2158 est
548 2123 709 2168 Vossius,
743 2124 922 2158 inditurus
955 2124 1034 2157 erat
1065 2123 1123 2165 (se.
1149 2121 1496 2165 Pseudophilippus)

163 2172 363 2206 Mommsen
394 2171 574 2214 inycniose
707 2175 746 2204 15
779 2170 994 2215 incipientes
1032 2168 1068 2202 P
1198 2172 1240 2202 1ss
1274 2168 1422 2202 fuerunt
1445 2168 1496 2202 A:

161 2219 261 2252 fuere
297 2219 331 2251 1³
464 2221 503 2251 17
537 2217 666 2260 positis
699 2220 805 2260 (nunc
935 2215 1158 2258 ambiuntur)
1190 2214 1369 2248 Ruhnken

162 2269 204 2299 21
233 2265 430 2309 imperasse
457 2263 618 2308 Lysippo
647 2291 653 2297 .
677 2294 682 2299 .
706 2291 712 2298 .
740 2263 881 2298 auctori
907 2262 1150 2305 Freinsheim‚
1183 2262 1264 2296 item
1296 2260 1499 2296 Salmasius
1543 2283 1546 2288 -

234 2315 276 2345 ‘23
304 2311 480 2345 Granium
506 2312 540 2344 A
638 2314 679 2344 27
707 2310 814 2345 huius
840 2310 923 2344 add.
950 2308 1127 2343 Ruhnken
