1635 2572
148 157 203 199 36
800 155 834 191 11

148 269 226 306 tius
257 267 386 306 Italiae
421 268 680 317 frequentiam
702 268 742 304 in
773 265 912 306 urbem
933 268 1134 305 acciverat.
1193 278 1213 305 e
1247 280 1321 318 qua
1353 268 1489 320 pulsus

148 326 316 376 collegae
361 327 683 376 optimatiumque
722 324 870 363 viribus
917 337 1005 363 cum
1043 326 1083 363 in
1122 323 1369 376 Campaniam
1405 332 1488 366 ten-

148 385 275 436 deret,
314 397 359 423 ex
398 384 627 421 auctoritate
667 388 826 422 senatus
866 383 1090 422 consulatus
1123 384 1159 421 ei
1191 382 1399 435 abrogatus
1431 391 1491 424 est

148 444 414 492 suffectusque
460 443 499 480 in
543 442 628 480 eius
671 440 801 480 locum
838 440 879 480 L.
915 440 1122 480 Cornelius
1160 441 1306 481 Merula
1351 442 1492 482 flamen

147 501 269 539 dialis.
332 500 427 538 hacc
465 501 606 538 iniuria
650 499 807 538 homine
846 512 962 551 quam
999 499 1175 551 exemplo
1215 500 1368 552 dignior
1407 501 1526 540 suit.5

107 567 127 597 4
149 565 231 597 tum
252 558 373 597 Cinna
394 560 591 609 corruptis
622 560 749 609 primo
783 557 1080 597 centurionibus
1113 570 1155 597 ac
1188 559 1375 612 tribunis,
1403 571 1491 598 mox

149 619 265 656 etiam
298 629 365 668 spe
397 617 612 668 largitionis
644 616 850 669 militibus,
889 616 934 655 ab
974 629 1019 655 eo
1060 619 1252 670 exercitu,
1291 620 1356 669 qui
1389 620 1493 657 circa

147 675 284 714 Nolam
328 681 428 726 erat,
472 681 656 726 receptus
701 681 770 714 est.
838 677 871 714 is
913 687 1001 714 cum
1046 677 1253 715 universus
1298 679 1336 715 in
1376 676 1492 716 verba

149 736 233 772 eius
271 735 456 786 iurasset,
494 736 668 772 retinens
707 735 873 785 insignia
905 733 1130 773 consulatus
1168 736 1313 785 patriae
1347 735 1491 775 bellum

146 792 296 845 intulit,
328 793 453 831 fretus
486 794 634 843 ingenti
667 804 830 831 numero
864 804 1055 831 novorum
1079 793 1237 844 civium,
1271 806 1290 832 e
1324 806 1490 845 quorum
1512 804 1544 828 10

149 851 302 890 delectu
335 856 530 890 trecentas
564 851 728 902 amplius
759 851 940 890 cohortes
962 852 1248 901 conscripserat
1269 864 1311 891 ac
1332 854 1492 903 triginta

108 917 128 948 5
149 909 346 960 legionum
378 911 501 948 instar
533 910 769 960 impleverat.
820 922 917 960 opus
949 915 1031 948 erat
1051 909 1227 961 partibus
1248 913 1491 964 anctoritate,

150 970 261 1007 cuius
294 968 491 1019 augendae
525 970 646 1019 gratia
679 967 718 1007 C.
750 968 914 1006 Marium
954 980 1044 1006 cum
1082 967 1159 1006 filio
1197 968 1244 1008 de
1285 969 1398 1008 exilio
1431 982 1490 1008 re-

148 1028 298 1065 vocavit
331 1028 475 1077 quique
509 1039 598 1065 cuin
630 1028 677 1065 iis
709 1026 811 1077 pulsi
842 1032 963 1065 erant.

110 1094 126 1123 1
267 1083 335 1124 21.
392 1085 491 1123 Dum
529 1085 674 1123 bellum
713 1090 842 1123 autem
885 1086 1005 1123 infert
1047 1086 1193 1136 patriae
1239 1085 1378 1138 Cinna,
1423 1085 1490 1125 Cn.
1512 1096 1544 1122 15

148 1143 377 1196 Pompeius,
398 1143 525 1194 Magni
557 1149 684 1195 pater,
717 1144 829 1181 cuius
848 1143 1048 1193 praeclara
1068 1155 1185 1194 opera
1205 1143 1306 1182 bello
1326 1144 1490 1184 Marsico

148 1203 359 1253 praecipue
399 1203 501 1240 circa
540 1201 728 1240 Picenum
765 1213 918 1253 agrum,
959 1207 1002 1240 ut
1041 1204 1383 1255 praescripsimus,
1422 1215 1491 1242 usa

152 1265 235 1298 erat
266 1272 331 1298 res
361 1259 517 1311 publica
549 1261 694 1311 quique
721 1259 906 1299 Asculum
938 1266 1111 1312 ceperat,
1143 1262 1246 1300 circa
1279 1273 1394 1312 quam
1426 1274 1489 1300 ur-

150 1317 256 1370 bem,
289 1330 378 1357 cum
410 1320 449 1356 in
482 1318 614 1357 multis
648 1318 730 1357 aliis
751 1317 977 1369 regionibus
1009 1320 1205 1358 exercitus
1238 1319 1404 1371 dispersi
1436 1321 1489 1358 fo-

150 1382 256 1428 rent,
301 1378 473 1427 quinque
518 1383 557 1415 et
598 1378 842 1428 septuaginta
883 1376 987 1415 milia
1031 1378 1172 1416 civium
1215 1377 1490 1431 Romanorum,
1511 1388 1544 1414 20

110 1444 130 1474 Ξ.)
152 1435 317 1486 amplius
349 1437 546 1486 sexaginta
568 1435 790 1474 Italicorum
823 1447 899 1473 una
932 1435 992 1474 die
1025 1435 1296 1489 conflixerant,
1330 1437 1489 1476 frustra-

152 1499 214 1532 tus
248 1506 315 1544 spe
348 1494 600 1533 continuandi
633 1493 858 1532 consulatus
890 1495 942 1532 ita
974 1506 1015 1532 se
1048 1494 1208 1534 dubium
1241 1495 1490 1546 mediumque

151 1551 328 1603 partibus
360 1554 576 1604 praestitit,
614 1558 657 1591 ut
696 1553 824 1590 omnia
857 1563 903 1590 ex
934 1554 1093 1603 proprio
1126 1565 1199 1592 usu
1232 1560 1363 1604 ageret
1395 1560 1489 1593 tem-

150 1610 391 1661 poribusque
431 1611 607 1650 insidiari
644 1611 862 1663 videretur,
900 1616 937 1649 et
976 1610 1052 1649 huc
1090 1616 1204 1662 atque
1237 1611 1344 1664 illuc,
1385 1613 1488 1651 unde

152 1681 240 1719 spes
261 1671 384 1707 maior
405 1669 627 1708 adfulsisset
647 1671 855 1720 potentiae,
877 1681 916 1707 se
939 1671 1231 1720 exercitumque
1253 1670 1489 1710 deflecteret.
1511 1680 1543 1705 25

111 1737 130 1767 3
152 1727 220 1765 sed
252 1727 298 1766 ad
330 1727 510 1766 ultimum
543 1740 681 1779 magno
714 1729 914 1778 atrocique
947 1727 1095 1778 proelio
1129 1740 1217 1767 cum
1248 1728 1368 1767 Cinna
1400 1741 1490 1768 con-

246 1890 265 1922 5
292 1887 480 1922 hominem
507 1898 617 1930 quam
642 1887 677 1921 A
703 1898 793 1923 corr.
820 1898 863 1923 ex
888 1887 1035 1922 homine
1061 1887 1211 1931 inquam
1309 1892 1328 1922 ὓ
1354 1887 1488 1933 primo]

149 1936 231 1990 p—rffi
251 1946 286 1980 A
361 1948 380 1979 8
407 1945 595 1980 universos.-
616 1945 691 1979 ΑΡ
763 1949 805 1980 13
831 1946 953 1990 gratia
975 1945 1076 1980 cuius
1097 1945 1286 1990 augendae
1307 1946 1490 1991 (augenda

152 1994 202 2036 A)
234 1992 318 2035 ΑΡ,
357 1994 581 2036 transposuit
615 1993 844 2036 praecedente
883 1992 1015 2026 Orellio
1048 1992 1204 2036 „Machn'y
1242 1993 1300 2035 (ef.
1328 1992 1373 2035 ΙΙ,
1399 1997 1430 2035 6,
1457 1997 1488 2027 2.

152 2044 206 2082 99,
234 2042 286 2083 4)3
320 2039 475 2073 aliorum
506 2040 730 2074 coniecturas
757 2050 788 2074 v.
822 2039 922 2083 apud
946 2039 1132 2073 Kritziwn
1154 2038 1158 2084 1
1181 2039 1300 2073 malim
1334 2039 1491 2074 Marium

151 2087 241 2127 (sine
267 2086 319 2130 C.)
413 2090 452 2120 17
481 2086 729 2130 praediximus
755 2085 898 2121 Rulmls.
927 2096 1037 2129 supra
1063 2085 1272 2130 scripsimus
1299 2086 1444 2121 Fre'ebel

151 2137 195 2167 20
222 2138 317 2172 iffi,
343 2144 385 2167 ac
410 2133 536 2167 deinde
562 2137 631 2171 ῑΧῖ
659 2133 702 2176 P,
735 2143 800 2168 ocos
824 2134 1022 2177 posteriore
1054 2133 1126 2167 loeo
1152 2132 1255 2166 milia
1289 2143 1361 2167 ozon
1387 2133 1489 2168 adcli-

152 2181 269 2214 ‹limus
295 2181 350 2223 (in
367 2179 401 2213 1⁹
421 2189 537 2214 omues
556 2181 706 2222 numeri,
733 2191 805 2215 ozon
831 2180 940 2214 solum
964 2179 1172 2221 millenarii,
1199 2179 1327 2214 lincam
1349 2180 1489 2222 habent,

151 2227 245 2261 velut
270 2230 355 2261 ante
382 2229 426 2265 ῖΧῖ
453 2229 580 2271 annos)
695 2231 738 2261 ‘22
767 2226 864 2261 COS.
891 2226 988 2260 suita
1014 2236 1050 2260 sc
1077 2227 1111 2260 A
1229 2230 1271 2261 :33
1298 2229 1340 2260 ut
1363 2237 1428 2261 om.
1455 2228 1490 2261 A
1514 2245 1518 2250 ·

223 2278 265 2307 :25
293 2274 471 2308 adfuisset
495 2274 578 2318 ΑΡ,
611 2284 672 2309 em.
699 2274 843 2316 Aldus!
872 2273 1038 2317 potentia
1070 2283 1148 2307 esse
1174 2272 1219 2317 A,
1252 2274 1334 2317 fort.
1362 2275 1491 2319 poten-

150 2319 224 2354 tiae
252 2330 329 2355 sese
