1635 2572
157 131 211 173 52
806 127 839 162 II

116 241 480 293 3potentissinuim.
550 236 664 275 simul
707 238 837 287 itaque
878 235 975 274 duos
1019 240 1251 286 persecutus
1288 233 1497 285 Pompeius

157 300 315 339 intravit
342 298 574 336 Armeniam.
624 295 732 346 prior
759 294 860 332 iilius
886 293 1082 344 Tigranis,
1116 292 1183 331 sed
1210 292 1359 331 discors
1385 294 1498 344 patri,

117 367 137 397 4
158 358 335 409 pervenit
368 355 412 394 ad
446 355 692 404 Pompeium;
731 364 818 391 mox
856 354 939 403 ipse
973 350 1136 402 supplex
1169 356 1207 388 et
1239 362 1424 401 praesens
1457 362 1498 388 se

159 426 400 466 regnumque
434 413 577 451 dicioni
604 413 688 449 eius
714 412 909 462 permisit,
941 410 1139 461 praefatus
1166 410 1360 447 nemiuem
1382 408 1499 447 alium

159 486 285 524 neque
312 472 531 510 Romanum
561 481 688 520 neque
715 468 832 508 ullius
858 470 984 519 gentis
1011 469 1137 506 virum
1164 468 1341 506 futurum
1367 467 1500 519 fuisse,
1519 480 1534 506 5

159 533 271 570 cuius
298 542 338 569 se
365 530 550 582 potestati
571 529 852 567 commissurus
880 527 998 578 soret,
1029 537 1145 577 quam
1166 524 1232 564 Cn.
1253 525 1500 576 Pompeium3

158 589 322 641 proinde
363 600 518 627 omnem
557 587 631 625 sibi
674 586 733 625 vel
772 586 971 624 adversam
1015 584 1073 623 vel
1118 583 1345 635 secundam,
1390 585 1502 622 cuius

160 654 296 687 auctor
327 647 391 686 ille
424 652 547 697 esset,
580 646 776 684 fortunam
808 643 1047 683 tolerabilem
1082 644 1269 681 suturam:
1306 654 1383 681 non
1416 653 1501 680 0550

161 713 274 758 turpe
308 705 354 744 ab
387 717 432 744 eo
465 706 584 755 vinci,
624 715 739 754 quem
778 704 931 741 vincere
975 707 1078 740 esset
1116 702 1241 752 nefas,
1280 712 1406 751 neque
1445 702 1501 738 in-

162 766 324 804 honeste
355 763 523 814 aliquem
550 763 739 801 summitti
765 761 872 812 huic‚
907 772 1021 811 quem
1048 761 1203 798 fortuna
1231 771 1349 810 super
1375 760 1502 797 omnis
1524 773 1556 798 10

121 841 141 872 5
165 823 377 862 extulisset.
441 827 617 860 servatus
656 822 738 871 regi
776 819 899 858 honos
937 819 1107 870 imperii,
1152 817 1219 857 sed
1253 817 1414 856 multato
1446 818 1502 855 in-

163 884 269 933 genti
308 882 491 932 pecunia,
536 891 633 930 quae
673 880 816 930 omnis,
861 879 977 916 sicuti
1014 876 1199 927 Pompeio
1245 877 1364 914 moris
1408 881 1502 927 erat,

163 940 318 979 redacta
362 941 401 978 in
448 939 667 989 quaestoris
715 942 949 988 potestatem
999 947 1041 974 ae
1092 934 1258 986 publicis
1309 934 1503 985 descripta

162 999 314 1038 litteris.
366 997 474 1048 Syria
508 997 699 1047 aliaeque,
732 1007 827 1046 quas
860 1000 1134 1045 occupaverat,
1166 994 1386 1044 provinciae
1420 1004 1502 1031 ere-

162 1064 269 1108 ptae,
300 1061 339 1094 et
364 1056 458 1094 aliae
485 1056 689 1093 restitutae
716 1053 859 1104 populo
881 1053 1072 1103 Romano,
1105 1051 1199 1090 aliae
1226 1058 1308 1090 tum
1334 1052 1504 1102 primum
1526 1066 1558 1092 15

162 1117 203 1154 in
249 1116 332 1153 eius
376 1119 609 1164 potestatem
652 1111 852 1163 redactae,
896 1117 939 1150 ut
984 1110 1110 1161 Syria,
1159 1121 1256 1160 quae
1301 1115 1384 1148 tum
1426 1110 1504 1160 pri·

163 1185 270 1212 mum
302 1174 401 1211 sacta
433 1177 493 1210 est
525 1170 786 1222 stipendiaria.
838 1170 925 1208 finis
957 1169 1111 1219 imperii
1143 1169 1240 1219 regii
1273 1169 1504 1206 terminatus

166 1232 358 1270 Armenia.

126 1311 143 1340 1
283 1287 350 1328 38.
412 1287 523 1326 Haud
568 1286 780 1325 absurdum
824 1285 976 1324 videtur
1026 1286 1216 1336 propositi
1266 1286 1395 1336 operis
1445 1296 1504 1322 re-

166 1347 276 1399 gulae
316 1348 450 1398 paucis
488 1357 740 1397 percurrere,
785 1356 883 1395 quae
928 1345 1118 1394 cuiusque
1163 1343 1282 1382 ductu
1327 1354 1421 1394 gens
1463 1354 1504 1380 ac
1526 1360 1559 1385 20

166 1408 271 1445 natio
317 1405 473 1444 redacta
517 1406 555 1442 in
600 1403 803 1442 formulam
848 1404 1069 1453 provinciae
1114 1401 1365 1453 stipendiaria
1407 1401 1507 1440 sacta

167 1467 234 1517 sit,
273 1470 316 1503 ut
353 1476 450 1514 quae
489 1462 666 1514 partibus
704 1462 939 1512 notavimus,
983 1459 1133 1499 facilius
1173 1459 1287 1498 simul
1325 1461 1505 1498 universa

169 1524 341 1574 conspici
380 1522 540 1573 possint.
608 1522 758 1571 primus
802 1521 841 1557 in
884 1518 1054 1557 Siciliam
1095 1520 1247 1557 traiecit
1291 1519 1505 1556 exercitum

169 1581 305 1620 consul
343 1579 544 1631 Claudius,
590 1584 647 1617 set
685 1579 923 1629 provinciam
969 1589 1053 1615 eam
1096 1582 1184 1627 post
1225 1588 1345 1614 annos
1384 1576 1505 1614 ferme

169 1640 266 1679 duos
317 1645 353 1677 et
404 1639 683 1689 quinquaginta
733 1637 855 1687 captis
907 1635 1109 1687 Syracusis
1160 1635 1250 1673 fecit
1301 1633 1505 1672 Marcellus
1526 1652 1558 1678 25

170 1698 362 1737 Claudius,
401 1698 550 1748 primus
583 1696 751 1733 Africam
778 1693 949 1745 Regulus
976 1705 1077 1732 nono
1111 1694 1232 1731 ferme
1266 1704 1365 1731 anno
1391 1693 1507 1743 primi

169 1756 306 1795 Punici
332 1755 422 1794 belli
450 1754 473 1780 ἦ·
490 1754 531 1806 ²33
559 1754 626 1793 sed
649 1759 738 1805 post
761 1759 918 1792 centum
945 1758 982 1791 et
1010 1763 1146 1790 novem
1173 1763 1294 1790 annos
1314 1750 1355 1790 P.
1378 1750 1506 1802 Scipio

127 1545 146 1574 tc

264 1873 285 1903 4
305 1868 437 1902 ditioni
457 1867 532 1901 ΑΡ
592 1872 611 1902 6
631 1866 807 1911 potestati
828 1866 961 1900 Aldus:
989 1864 1158 1899 societati
1178 1864 1253 1898 ΑΡ
1313 1867 1330 1898 7
1352 1863 1458 1908 proin
1472 1863 1507 1897 A

266 1919 309 1948 10
335 1915 419 1948 huic
446 1916 497 1948 A:
525 1924 589 1948 om.
619 1914 654 1947 P
678 1916 809 1957 (neque
836 1912 869 1946 ei
894 1912 1087 1946 inhoneste
1113 1911 1225 1945 Rhen.
1253 1911 1293 1944 in
1317 1912 1445 1954 mat-9.)

173 1966 214 1997 12
243 1972 367 1996 omnes
393 1963 427 1994 A
452 1964 455 2002 l
485 1960 678 2004 Pompeio,
705 1959 813 1994 sicuti
838 1959 981 1993 Acidal.
1082 1962 1122 1991 13
1150 1957 1300 1991 redacta
1325 1956 1372 1990 ad
1399 1967 1507 2000 quae-

171 2011 307 2043 storem
333 2008 476 2042 Ruteni:
571 2011 612 2041 14
640 2018 728 2050 quas
758 2007 806 2040 P:
834 2015 927 2049 qnae
953 2006 986 2039 A
1011 2006 1015 2047 Ι
1039 2005 1309 2049 occupauerant
1335 2003 1419 2044 ΑΡ,
1445 2014 1507 2037 em.

172 2056 341 2091 Gelenius
422 2059 460 2089 17
489 2054 620 2098 imperi
646 2054 723 2098 regi
748 2053 832 2094 ΑΡ,
858 2064 920 2086 em.
947 2051 1123 2086 Heinsius
1199 2054 1240 2084 *21
1269 2049 1509 2094 stipendiaria

171 2104 271 2137 facta
296 2101 492 2136 Amerbach
520 2102 559 2134 in
585 2111 696 2144 mara.
724 2103 754 2134 et
777 2100 942 2143 Lipsius:
971 2097 1153 2142 stipendia
1179 2098 1287 2141 pacta
1313 2097 1397 2139 ΑΡ,
1424 2097 1507 2140 stip.

173 2151 283 2194 pacta
308 2149 373 2183 dcl.
401 2148 546 2182 Kranse
665 2151 708 2180 ‘22
740 2146 950 2181 notauimus
982 2144 1126 2178 facilins
1157 2147 1198 2177 ut-
1224 2154 1316 2187 quae
1343 2143 1508 2187 partibus

174 2196 258 2237 ΑΙ),
285 2196 390 2229 ¹rerba
418 2195 641 2238 transposuit
665 2194 858 2228 Acidcdius
954 2195 997 2225 :24
1024 2193 1079 2225 set
1103 2190 1265 2234 Sauppe:
1293 2193 1328 2224 et
1355 2190 1429 2224 ,iP

174 2247 213 2276 ‘22'
244 2242 453 2276 Mareellius
481 2242 514 2275 A
613 2245 656 2275 ‘26
683 2240 822 2285 primus
849 2240 886 2273 111
911 2237 1073 2272 Africam
1101 2237 1269 2272 Gelenius
1357 2241 1399 2271 27
1426 2237 1521 2280 forts

173 2288 262 2322 belli
290 2299 483 2332 aggressus
511 2289 565 2322 est
588 2289 592 2330 1
616 2287 746 2321 CVlllI
772 2286 982 2331 Bipontini:
1011 2284 1146 2319 CCIIII.
1173 2284 1248 2318 ΑΡ
